2934 5000
404 288 580 351 coms
602 288 930 351 ANDROTIONEM.
1154 288 1213 347 sot

119 442 219 504 cerem
240 444 416 504 menumm
426 464 445 505 s·
456 462 534 503 nuno
547 441 618 503 satis
632 442 708 515 scio,
717 442 791 502 nihii
803 460 870 499 eum
884 437 1010 518 simplex
1022 447 1076 499 sut
1096 458 1214 518 usqum

121 554 211 616 posse
225 524 337 604 afferre,
352 536 405 595 sed
418 534 554 595 datnmm
565 553 693 615 operam,
704 532 921 612 ntqnibusdam
931 531 1216 609 praemiserimus

121 624 233 701 eludm,
253 636 284 686 et
297 626 410 686 callidis
425 636 513 705 atque
526 625 665 707 improbis
678 624 839 685 rationibus
853 621 994 700 deceptos
1013 640 1066 679 vos
1087 640 1107 681 a
1127 640 1218 683 carisa

119 717 258 777 abducat.
287 716 344 777 Est
358 718 447 789 enim,
461 716 669 789 Athenienses,
683 715 800 775 dicendi
819 712 935 786 artifex,
949 723 981 771 et
999 704 1159 772 omnemin
1179 732 1216 773 eo

119 808 218 869 studio
231 818 349 868 aetatem
361 808 553 886 consumpsit.
581 808 629 867 Ne
641 806 729 885 igitur
740 806 857 884 decepti
870 825 906 864 eo
924 804 1121 877 adducamini,
1133 816 1167 863 ut
1184 814 1218 865 et

119 908 328 977 contraquam
347 898 537 978 jurisjurandi
557 897 658 975 religio
677 897 818 977 postulat,
841 895 1050 977 pronuntietis,
1066 906 1099 955 st
1116 898 1216 969 istum,

120 1008 211 1069 quem
230 989 365 1050 mulctari
384 990 484 1049 multis
505 988 670 1049 nominibus
696 1006 815 1065 mquam
835 997 893 1059 est,
914 987 1081 1056 absolvatis,
1105 998 1216 1049 attente

120 1081 222 1141 cudite
235 1081 397 1141 orationem
411 1098 521 1141 meam:
542 1090 577 1139 ut
593 1080 633 1139 de
652 1076 776 1163 singulis
793 1077 880 1137 istius
891 1076 1017 1156 effugiis,
1038 1098 1086 1139 me
1106 1079 1217 1153 audito,

123 1182 203 1233 recte
217 1184 345 1235 statuere
358 1172 485 1255 possitis.

163 1268 194 1325 3¹.
215 1264 283 1328 Una
296 1265 369 1325 ratio
392 1265 419 1325 ei
438 1275 494 1337 est,
517 1284 605 1343 quam
625 1265 812 1325 artificiosam
834 1280 901 1323 esse
921 1271 1018 1340 putat,
1037 1263 1075 1323 de
1097 1263 1217 1326 decreto

122 1357 316 1417 umrenuus
325 1356 499 1416 auctoritate
510 1354 703 1434 promulgato.
726 1353 982 1431 Ler,inqnit,est,
995 1352 1028 1411 si
1051 1364 1217 1417 senatus

125 1447 185 1507 ita
206 1464 319 1527 suum
338 1464 475 1506 munus
499 1444 818 1515 administrarit,
837 1454 880 1502 ut
900 1443 1056 1523 praemio
1075 1443 1217 1523 dignus

123 1557 219 1599 esse
257 1538 455 1608 rideatur,
486 1537 693 1616 premium
731 1537 770 1595 id
808 1555 827 1596 a
863 1535 1013 1614 populo
1049 1538 1219 1595 senatui

122 1649 214 1691 esse
240 1630 419 1691 dandum.
448 1630 515 1689 Hoc
528 1629 650 1709 mgorit,
663 1629 768 1708 inquit,
781 1628 956 1707 prefectus:
976 1627 1101 1707 popolus
1113 1628 1218 1689 suffra·

123 1722 174 1801 gia
192 1721 275 1783 tulit:
299 1721 393 1784 risum
405 1731 464 1782 est.
495 1718 586 1791 Nihil,
601 1720 703 1799 inquit,
721 1719 770 1779 hic
784 1720 1217 1799 opuseusenstmsoitm

74 1801 83 1811 '
123 1830 161 1871 ex
174 1812 240 1893 lage
252 1812 329 1873 enim
342 1812 393 1873 iila
406 1812 527 1873 fiebant.
550 1812 616 1891 Ego
629 1830 699 1871 vero
712 1810 889 1871 contrarium
903 1831 970 1871 esse
977 1830 1080 1870 rernm
1085 1811 1219 1871 sendo-

123 1913 154 1963 et
171 1922 223 1965 vos
237 1906 313 1965 mibi
321 1924 492 1981 assensuros
505 1904 706 1965 arbitror-de
720 1904 767 1963 bis
780 1903 868 1964 rebus
881 1903 1140 1963 senatusconsulta
1150 1924 1219 1984 pro-

126 1994 247 2057 ferenda
270 2015 338 2055 esse
360 1996 441 2069 solis,¹
460 2016 528 2075 qum
545 1996 685 2075 jubentur
705 1988 838 2073 legibus:
860 2014 928 2055 nam
949 1995 985 2055 iis
1003 1995 1042 2055 de
1060 1997 1159 2068 rebus,
1179 1996 1218 2057 de

124 2086 231 2167 quibus
245 2086 327 2165 leges
340 2087 428 2147 nullae
441 2097 569 2162 exstant,
582 2092 702 2165 prorsus
720 2086 792 2145 nihil
813 2095 860 2145 est
875 2086 1101 2145 decernendum.
1132 2087 1220 2148 Dicet

124 2188 278 2261 preterea,
291 2198 417 2249 omnem,
438 2178 489 2256 qui
501 2177 563 2236 ullo
576 2186 708 2255 tempore
722 2176 819 2249 fuerit,
834 2185 982 2246 senatum,
1004 2176 1135 2237 adhunc
1154 2198 1217 2238 mo

125 2269 197 2331 dum
210 2269 359 2349 accepisse
373 2268 503 2350 premia,
515 2268 566 2347 qui
578 2287 706 2345 unquam
720 2288 740 2327 a
757 2268 841 2327 robis
857 2257 1013 2345 acceperit,
1031 2285 1086 2326 nec
1100 2268 1138 2327 de
1156 2269 1219 2328 ullo

125 2377 255 2441 unquam
268 2361 378 2421 factum
390 2380 456 2421 esse
468 2357 769 2421 senatusconsultum.
799 2358 865 2435 Ego
879 2375 947 2415 vero
967 2376 1034 2415 eum
1054 2357 1134 2417 baud
1151 2380 1220 2420 vera

126 2454 287 2536 prodiente
305 2454 438 2528 arbitror,
458 2472 495 2514 ac
514 2450 611 2532 potius
630 2458 812 2531 compertum
830 2448 943 2519 habeo;
964 2447 1019 2530 sed
1038 2459 1073 2508 ut
1094 2450 1220 2512 maxime

126 2545 183 2608 boc
194 2566 297 2608 rorum
310 2547 358 2622 sit,
371 2547 396 2608 si
407 2545 456 2624 les
468 2545 643 2606 contrarium
656 2543 753 2624 jubet,
764 2561 825 2602 non
838 2542 939 2620 utique
951 2540 1022 2620 qnia
1039 2541 1120 2622 prius
1139 2562 1219 2622 serpe

125 2647 280 2716 peccatum
292 2645 349 2708 est,
361 2648 516 2718 propterea
525 2647 622 2700 vetera
633 2645 757 2716 peccatu
763 2633 849 2708 novis
856 2653 935 2693 nunc
949 2632 1129 2698 cumulanda
1139 2644 1219 2708 sunt,

60 2793 63 2798 ,
125 2727 177 2788 sed
190 2739 303 2802 contra,
312 2727 396 2794 nobe,
404 2731 509 2790 ceteris
522 2727 702 2808 imponenda
714 2737 762 2789 est
772 2725 934 2789 necessitas
946 2723 990 2784 ita
1001 2725 1127 2784 faciendi
1139 2725 1219 2800 talia,

127 2821 371 2900 quemadmodum
386 2819 435 2882 les
443 2821 539 2901 jubet,
554 2839 572 2880 a
585 2829 614 2880 te
626 2828 743 2897 sumpto
753 2817 844 2878 initio.
864 2816 910 2876 Tu
922 2817 1059 2896 igiturne
1071 2816 1220 2878 dicashoc

128 2930 206 2992 saepe
217 2931 281 2974 esse
290 2913 419 2974 factum:
441 2912 496 2972 sed
507 2911 592 2986 illud,
603 2909 737 2970 decuisse
746 2909 789 2970 ita
801 2908 874 2969 fieri.
884 2955 888 2963 .
897 2907 1004 2988 Neque
1012 2907 1099 2980 enim,
1111 2907 1220 2987 siquid

127 3003 211 3062 aliter
224 3002 383 3082 aliquando
403 3023 490 3081 quam
510 3003 591 3082 leges
600 3003 717 3082 jubent,
730 3001 845 3061 santum
860 3009 916 3073 est,
935 2999 1023 3078 idque
1036 3007 1070 3070 tu
1088 2999 1220 3061 imitatus

128 3115 171 3168 es,
184 3103 340 3175 propterea
346 3095 414 3174 jure
427 3095 604 3164 absolveris:
627 3094 680 3152 sed
692 3093 790 3172 potius
806 3092 1057 3153 condemnaberis.
1079 3093 1121 3152 Ut
1132 3093 1219 3165 enim,

128 3184 153 3245 si
166 3185 232 3264 quis
245 3185 362 3246 illorum
373 3185 444 3245 olim
463 3185 619 3246 damnatos
632 3194 722 3253 esset,
738 3194 771 3245 tu
783 3185 841 3244 ista
853 3203 913 3244 non
931 3184 1113 3263 scripsisses:
1140 3186 1183 3246 ita
1195 3187 1220 3246 si
1277 3205 1283 3214 '

129 3285 161 3348 tu
175 3296 254 3336 nnnc
266 3294 369 3356 prenas
382 3275 508 3349 dederis,
520 3275 594 3338 alius
606 3296 665 3336 non
678 3276 795 3336 scribet.

120 3407 127 3416 -
167 3371 198 3430 4.
219 3368 268 3428 De
286 3367 353 3447 lege
373 3375 480 3440 autem,
494 3387 563 3447 quae
575 3367 728 3428 manifeste
742 3375 831 3441 vetet,
852 3387 889 3426 ne
908 3378 1039 3453 senatus,
1057 3369 1219 3446 triremibus

127 3480 187 3526 non
199 3459 459 3541 facuapraemium
472 3468 565 3537 petat,
581 3460 816 3539 operaepretium
835 3470 881 3520 est
893 3460 995 3520 audire
1007 3461 1078 3540 qnid
1089 3461 1156 3523 loco
1168 3483 1219 3524 ex·
1267 3485 1273 3503 ‘

127 3553 285 3616 cosationis
311 3552 349 3613 sit
374 3551 526 3621 allaturus,
553 3560 585 3610 et
603 3559 738 3632 spectare
757 3549 882 3610 hominis
901 3549 1113 3630 impudentiam
1127 3573 1164 3613 ex
1184 3555 1220 3617 iis

127 3665 192 3724 qum
202 3645 300 3706 dicere
309 3644 451 3704 instituet.
470 3643 540 3718 Lex,
550 3643 652 3720 inquit,
661 3661 721 3702 non
731 3642 801 3704 sinit
806 3639 942 3706 senatum
952 3652 1049 3722 petere
1058 3649 1220 3724 premium,
1310 3641 1314 3650 ’
1336 3699 1343 3709 .

129 3735 184 3796 nisi
196 3735 300 3797 iecerit
311 3735 454 3798 triremes.
475 3735 591 3812 Fateor.
616 3733 772 3812 Nusquam
785 3745 883 3795 autem
892 3743 973 3794 vetat
984 3738 1126 3816 populum
1139 3738 1220 3798 dare.

66 3893 69 3900 ,
131 3829 197 3908 Ego
209 3847 278 3889 vcro
298 3827 324 3888 si
344 3826 490 3888 dedissem
503 3824 675 3910 postulanti,
695 3825 755 3903 legi
774 3823 907 3886 fraudem
926 3826 1082 3888 fecissem:
1106 3829 1132 3888 si
1151 3848 1220 3888 vero

129 3921 239 3982 nullam
252 3921 282 3981 in
296 3929 360 3982 toto
372 3920 493 3980 decreto
506 3916 544 3978 de
554 3919 677 3978 navibus
687 3917 745 3976 feci
755 3917 943 3990 mentionem,
953 3917 1007 3978 sed
1020 3917 1219 3996 aliaqutedam

129 4032 276 4087 menses),
291 4022 408 4093 propter
428 4030 493 4089 qum
515 4021 650 4072 senatum
670 4005 781 4072 corona
799 4009 919 4079 donem,
939 4027 1000 4084 qno
1019 4017 1105 4088 pacto
1123 4009 1220 4088 legem
1290 4043 1295 4050 ·

129 4107 252 4170 violavit
273 4107 378 4187 Neque
388 4127 457 4168 vero
468 4106 583 4168 difficile
593 4107 673 4169 robis
682 4119 739 4179 est,
752 4107 803 4166 illa
813 4106 901 4184 justis
914 4103 1075 4162 rationibus
1084 4103 1222 4168 mussare.

125 4200 260 4263 Primum
273 4201 411 4279 presides
421 4211 552 4272 senatus,
566 4210 596 4260 et
610 4202 660 4280 qui
674 4199 836 4262 sententias
849 4197 1030 4284 comprobat,
1042 4196 1221 4274 prefectum,

104 4313 107 4325 ·
135 4311 265 4371 rogasse,
278 4304 310 4372 et
321 4292 454 4358 dicenda
466 4293 620 4358 sententie
625 4293 675 4372 jus
690 4290 806 4361 secisse,
819 4288 937 4349 cuinam
946 4287 1094 4348 videretur
1103 4303 1222 4354 senstus

126 4383 170 4451 its
181 4403 301 4466 munere
315 4403 369 4449 suo
380 4377 510 4458 functus,
524 4395 558 4450 ut
571 4383 597 4444 ei
611 4383 706 4444 honos
718 4380 819 4444 haberi
832 4379 961 4453 deberet,
974 4379 1022 4439 oui
1035 4399 1105 4442 non.
1131 4381 1222 4464 Atqui
