2934 5000
223 299 271 358 82·
497 297 654 372 ORleO
676 297 1069 365 DE'CHERSONESO01
1111 367 1115 372 Α

230 453 284 526 ris,
297 451 402 535 inquit,
414 451 569 518 decretum
580 456 718 530 mrs'bsrs,
727 453 1021 538 memordit-ed
1032 451 1152 518 timitlm
1162 452 1330 518 esterno·

232 545 278 608 lis.
320 547 385 627 Ego
395 565 463 610 rero
476 549 576 610 sudes
582 559 613 616 et
626 547 809 628 importunus
821 559 911 630 etque
923 547 1079 628 impudens
1090 565 1187 625 neque
1196 565 1331 606 sumne·

173 707 177 712 ,
231 641 364 718 que'tieri
374 641 471 712 velim,
485 643 632 702 fortiorem
645 651 744 703 umen
757 643 847 721 longe
860 643 978 722 lsteque
985 641 1053 712 illis,
1064 641 1115 719 qui
1122 638 1266 720 precipiti
1273 659 1329 699 sn·

233 723 406 814 dsuiespud
416 753 468 794 ros
479 735 868 813 publicenegotietrsctsnt,
877 733 1149 794 meesseexistimo.
1170 731 1229 800 Qui
1238 731 1330 803 enim,

134 897 137 903 Ι
235 823 440 895 Athenienses,
462 825 628 906 postbebitu
648 827 774 886 utilitate
795 825 973 905 reipublice,
988 826 1017 886 in
1030 824 1174 905 judicium
1197 823 1331 894 sddncit,

235 917 398 996 proscribit,
411 917 473 988 dut,
486 929 615 990 nemost,
628 919 711 978 nulls
722 918 840 997 quidem
852 918 917 978 bec
927 917 1096 979 fortitudine
1104 916 1186 988 lecit,
1196 915 1250 976 sed
1258 916 1334 993 quin
1462 962 1465 993 ,

42 1081 49 1090 ¹
105 1017 109 1032 ’
235 1007 301 1080 scit,
315 1007 384 1068 dum
398 1027 465 1087 quse
478 1011 560 1070 robis
574 1010 712 1090 plscesnt
729 1009 865 1090 loquetur
877 1021 909 1072 et
919 1019 998 1070 tuus
1008 1019 1123 1069 uncum
1136 1007 1262 1087 publice
1274 1007 1332 1068 sd·

236 1099 454 1162 ministrationis
463 1113 562 1182 pestes
575 1104 709 1182 stringet,
717 1122 752 1164 se
763 1103 849 1181 qussi
862 1105 970 1184 pignus
982 1101 1089 1160 bebere
1102 1117 1164 1159 sne
1176 1099 1331 1161 incolumi·

236 1191 316 1262 tstir,
330 1193 427 1252 sudsx
446 1202 478 1253 et
489 1195 641 1255 conlidens
654 1205 719 1256 este
737 1196 790 1274 qni
803 1214 881 1265 reru,
899 1192 1009 1274 publici
1020 1192 1090 1252 boni
1103 1209 1204 1260 ceusu,
1225 1192 1329 1250 crebro

236 1283 341 1344 uestris
352 1285 547 1346 volnntstr'bus
559 1285 853 1360 sdremstur,etnibil
863 1285 903 1344 ed
912 1284 1036 1363 gretiam
1041 1283 1180 1361 loquitur,
1189 1282 1330 1344 sedssm

237 1395 289 1456 per
299 1377 451 1438 utilitstem
465 1387 590 1457 spectet,
599 1390 631 1438 et
642 1399 707 1440 esm
718 1377 855 1455 emendes
866 1375 1034 1456 reipublice
1043 1376 1187 1461 ¹sotionem
1196 1373 1289 1452 eligit,
1297 1375 1330 1434 in

237 1487 297 1549 que
309 1468 427 1530 fortune
439 1469 532 1550 magis
553 1489 641 1548 quem
654 1469 834 1548 computatio
847 1466 1022 1538 dominetur,
1033 1477 1066 1527 et
1077 1478 1175 1528 temen
1187 1465 1268 1526 bsod
1282 1486 1330 1528 re-

238 1569 335 1631 essct,
340 1579 400 1640 quo
410 1559 506 1620 minus
516 1561 666 1640 utriusque
676 1578 694 1620 n
703 1579 735 1620 se
745 1559 872 1620 meones
882 1558 1082 1638 mpetetis,hic
1091 1559 1210 1618 demum
1218 1557 1261 1618 sir
1270 1558 1344 1618 sor·'

237 1651 287 1724 tis,
305 1661 392 1730 etque
406 1651 494 1712 etism
507 1651 602 1714 bonus
615 1651 694 1712 idem
711 1649 782 1710 ciris
804 1660 871 1718 eutr
892 1667 952 1710 noo
972 1650 1032 1723 isti,
1044 1649 1094 1728 qni
1110 1649 1206 1710 breuis
1227 1649 1331 1726 grstim

237 1743 436 1822 promerende
454 1761 546 1806 ceusu
565 1761 680 1803 snmms
697 1741 864 1822 reipublice
884 1742 1022 1820 presidis
1038 1740 1240 1822 perdiderunt,
1255 1759 1332 1820 quos

238 1851 297 1914 ego
306 1845 420 1900 emtum
434 1835 538 1898 obsum
552 1847 586 1896 nt
598 1835 717 1896 aemuler
726 1835 890 1914 sutdignos
901 1835 1051 1915 republicis
1058 1836 1137 1896 cives
1144 1854 1211 1896 esse
1218 1845 1332 1913 putem,
1408 1907 1414 1916 Ι

239 1937 273 1991 ut
291 1925 396 2007 siquis
414 1945 460 1986 ms
474 1936 568 2005 roget,
582 1925 639 1987 Dic
657 1926 738 1998 milri,
751 1937 785 1988 tn
798 1946 868 1988 vero
885 1926 958 2004 qnid
976 1927 1124 1990 conpulisti
1144 1925 1331 2006 reipublicoel

239 2035 406 2096 quenquam
416 2035 531 2098 possem
541 2019 751 2092 Athenienses,
760 2028 792 2080 et
800 2017 982 2080 triemrcbiss
990 2028 1023 2080 et
1034 2019 1155 2081 edilitis
1166 2036 1289 2080 munere
1300 2027 1332 2080 et

238 2107 372 2188 pecunie
385 2108 555 2170 collationes
569 2121 600 2171 et
612 2111 793 2190 ceptirorum
810 2108 1023 2190 reduoptiones
1043 2121 1074 2170 st
1091 2109 1149 2172 slis
1160 2109 1265 2171 similis
1275 2109 1333 2170 bn·

183 2205 187 2220 ⁸
240 2198 389 2262 munitatis
403 2199 496 2262 officie
509 2201 830 2286 commemorsre„nibil
842 2211 941 2264 umen
954 2201 1118 2281 liujnsmodi
1131 2201 1265 2273 referum,
1277 2201 1333 2262 sed

238 2291 442 2365 insomne
452 2293 490 2352 sb
501 2292 558 2355 lsts
565 2291 702 2372 gerendos
711 2285 878 2374 reipublice
885 2292 1132 2372 iormnlsprorsus
1139 2291 1333 2366 sbborrnisse,

238 2385 356 2464 etquod
367 2383 622 2447 eumlortnssis'et
634 2385 709 2468 ipse,
721 2405 782 2448 noo
794 2385 891 2446 minus
902 2403 991 2465 quem
1003 2386 1334 2464 slii,sceussrepossem

239 2486 271 2537 et
284 2476 440 2557 gratificari
453 2487 483 2539 st
495 2477 674 2558 proscribere
687 2485 719 2537 et
730 2486 837 2537 enters
854 2495 921 2556 que
934 2477 984 2539 isti
997 2476 1245 2551 lscdtsntbseere,
1258 2495 1333 2538 nuo-

239 2588 328 2649 qusm
340 2588 378 2629 ne
390 2568 430 2629 sd
445 2586 536 2629 unum
546 2566 662 2647 quidem
672 2568 771 2629 lelium
783 2568 974 2647 oncupiorum
986 2568 1035 2629 rel
1046 2569 1197 2631 voluntate
1208 2588 1276 2631 mes
1284 2590 1332 2631 me

241 2661 352 2723 contuli
370 2661 419 2721 vel
438 2678 490 2740 spe
503 2658 577 2721 lucri
600 2669 652 2719 sut
667 2659 824 2721 ambitione
836 2679 902 2719 sum
914 2660 1065 2740 impulsus,
1079 2661 1133 2721 sed
1144 2681 1182 2723 es
1192 2674 1333 2741 perpetuo

241 2750 319 2823 dico,
337 2750 441 2829 quibus
455 2759 573 2829 egomet
592 2750 623 2809 id
636 2768 811 2827 comeqnor,
824 2759 858 2810 ut
880 2751 976 2811 minus
997 2753 1076 2831 spud
1088 2773 1141 2814 vos
1164 2756 1335 2815 suctoritsts

241 2842 353 2905 mlcsm
367 2852 398 2902 et
412 2842 516 2921 gratis,
531 2860 618 2919 quonr
633 2841 682 2901 ulii
695 2841 834 2911 molliet
849 2860 912 2915 ros,
925 2844 950 2903 si
959 2844 1029 2904 mihi
1042 2846 1258 2918 suscultsretis,
1270 2866 1337 2910 sm·

240 2932 347 3014 pliures
360 2932 483 2993 fieretis:
505 2931 631 2991 sicenim
641 2932 868 2995 dicerelortesss
880 2953 940 2994 non
950 2936 1122 2997 invidiosum
1132 2950 1188 2997 est.
1229 2939 1335 3016 Neque

242 3026 311 3092 mibi
322 3024 435 3085 uidetur
445 3025 513 3085 boni
524 3023 595 3083 ciris
605 3044 672 3085 esse
682 3025 877 3099 officinm,ess
887 3028 1024 3106 gerendos
1033 3030 1201 3109 reipublice
1207 3032 1335 3093 rationes

240 3106 419 3197 excog'itore,
432 3136 485 3197 per
503 3136 576 3196 quse
591 3117 688 3177 ststim
702 3136 759 3196 ego
775 3118 911 3198 princeps
932 3119 1007 3185 inter
1018 3140 1069 3181 ros
1082 3121 1266 3195 exsisterem,
1279 3140 1332 3184 ros

241 3210 363 3283 eliorum
379 3208 487 3278 ultimi;
509 3207 562 3269 sed
577 3208 786 3287 rempublicam
798 3228 857 3270 uns
869 3228 937 3269 cum
947 3212 1085 3271 bonorum
1095 3212 1200 3273 civium
1209 3216 1333 3278 sotioni-

240 3304 296 3365 bus
310 3313 340 3363 et
346 3301 558 3383 gubernatione
566 3302 667 3379 sugeri
678 3312 767 3381 etque
776 3301 945 3381 amplificari
952 3302 1048 3375 decet,
1056 3304 1249 3385 omnibusque
1256 3328 1334 3369 sem·

241 3414 292 3475 per
306 3412 365 3455 non
377 3392 524 3465 facillime,
539 3392 592 3453 sed
602 3392 712 3473 optime
725 3392 853 3453 dicende
862 3404 949 3453 sunt:
968 3414 1037 3455 nom
1050 3395 1101 3455 illo
1114 3407 1218 3458 neturs
1229 3412 1334 3481 suopte

240 3495 315 3552 nutu
335 3486 433 3559 fertur,
447 3484 487 3545 ed
499 3484 564 3547 brec
585 3484 654 3547 boni
675 3484 746 3547 ciris
762 3485 928 3565 eloquentia
950 3496 981 3546 et
999 3486 1198 3551 doctrinevos
1218 3504 1336 3571 oportet

239 3577 368 3659 prouehi.

282 3672 330 3731 17.
349 3670 370 3731 J
372 3688 418 3729 em
429 3668 577 3748 quendem
590 3672 678 3733 etiem
687 3672 749 3733 tsle
762 3671 873 3751 sliquid
882 3673 1028 3735 dicentem
1037 3674 1148 3747 sudivi,
1157 3694 1205 3735 me
1213 3676 1332 3753 quidem

241 3780 355 3842 semper
363 3760 462 3829 dicere
477 3762 596 3840 optimo,
610 3763 664 3823 sed
674 3763 814 3846 quiequid
828 3784 847 3825 s
859 3766 1212 3845 meproflciscsturverbs
1218 3779 1333 3831 tontum

241 3874 317 3927 esse,
327 3874 394 3915 cum
407 3852 543 3933 operibus
557 3853 596 3913 sit
609 3874 683 3935 opus
697 3854 865 3934 reipublice
883 3867 914 3919 et
925 3858 1040 3919 notione
1057 3859 1165 3938 eliqua.
1204 3859 1270 3938 Ego
1282 3880 1335 3921 re·

240 3966 273 4016 ro
283 3946 354 4027 quid
369 3945 406 4004 de
421 3943 466 4005 his
480 3943 613 4017 sentiem,
624 3944 770 4025 aponum
783 3948 864 4010 vobis
876 3958 908 4009 et
917 3968 977 4008 non
988 3949 1188 4013 dissimulnbo.
1230 3951 1336 4031 Neque

240 4039 361 4101 arbitror
375 4036 466 4097 ullum
477 4034 558 4095 eliud
571 4056 644 4116 opus
657 4047 747 4116 etque
759 4039 887 4100 officium
900 4060 966 4103 esse
978 4043 1143 4116 consiliarii,
1157 4044 1211 4105 nisi
1225 4056 1260 4105 nt
1272 4065 1334 4106 ms·

239 4128 315 4188 xime
328 4128 480 4208 profutura
493 4127 583 4197 dicet.
626 4128 665 4189 Et
678 4128 734 4189 hoc
748 4130 790 4197 ite
807 4150 884 4203 esse,
896 4152 944 4193 me
954 4132 1038 4193 focile
1051 4145 1125 4213 puto
1136 4139 1334 4216 probaturum.
1387 4204 1392 4211 ¹

239 4218 319 4279 Illud
335 4221 410 4279 enim
423 4219 524 4299 utique
538 4221 629 4292 scitis,
642 4212 829 4281 Timotheum
838 4224 986 4302 quondum
1005 4225 1088 4286 illum
1107 4228 1189 4307 opud
1202 4248 1255 4289 vos
1267 4250 1336 4291 ors·

237 4309 346 4378 tinum
359 4310 497 4371 habuisse
516 4308 554 4371 de
569 4310 745 4393 adjuvandis
762 4326 794 4373 et
806 4316 1013 4377 conservandis
1028 4318 1248 4393 Euboeensibns,
1264 4342 1334 4383 cum
1414 4386 1419 4401 ,

237 4420 289 4467 eos
301 4400 433 4463 Thebani
444 4422 614 4483 oppressum
622 4405 707 4466 irent.
742 4405 1225 4486 Cujnsbaecfereverbsiusrunt:
1246 4403 1342 4494 Agite
