2934 5000
260 323 322 388 dtu
673 319 731 380 DE
750 317 938 384 CORONA.

263 495 330 538 erse
340 475 450 557 poerit?
469 493 523 536 res
533 475 585 554 qui
595 473 690 535 muita
700 450 862 552 etquidem
875 472 978 534 merito
990 469 1029 532 do
1045 468 1103 530 iiiis
1116 465 1199 546 quari
1211 469 1358 546 poteratis

262 581 379 649 propter
387 585 496 645 eaque
505 566 702 646 superioribus
713 566 891 644 temporibus
902 564 933 624 in
945 582 997 624 ros
1010 560 1203 640 deliquerunt,
1216 577 1277 620 uon
1290 578 1357 620 mo-

263 659 472 739 dopreaterites
488 659 607 738 iujuriu
625 679 683 719 non
705 657 850 718 recordari
872 675 968 734 neque
988 651 1120 715 homines
1140 651 1244 731 injuris
1262 651 1357 712 reso·

263 752 398 815 deserere
420 753 475 813 sod
496 753 584 812 etiam
605 770 783 812 concavare·
798 747 1013 828 oequebamini:
1034 745 1197 824 exquibus
1219 743 1354 822 ςΙοήω,
1456 779 1457 782 =

262 843 506 918 bcmoientiam,
516 844 656 904 honorem
668 843 747 923 apud
760 861 860 904 omnes
872 841 942 902 estis
956 838 1096 900 assecuti.
1135 835 1231 915 Atqui
1242 837 1355 898 multos

175 939 179 945 '
258 933 321 1013 jam
333 955 370 995 er
381 933 416 994 iis
427 935 520 1014 quiin
530 935 681 1016 republica
691 934 799 994 vuenti
808 943 879 996 sunt
888 931 1004 993 coronis
1009 949 1078 991 esse
1088 949 1109 989 a
1120 929 1203 993 robis
1216 927 1355 1002 donutus,

261 1038 481 1088 uonmtomnes
492 1029 606 1108 :Lcujus
617 1048 687 1088 vero
707 1027 780 1088 alius
803 1045 892 1108 opera
909 1025 1010 1113 civitas
1023 1023 1087 1103 ipsa
1099 1039 1237 1086 coronam
1249 1039 1356 1084 couse-

263 1129 333 1181 ento
345 1120 392 1193 sit,
407 1119 562 1180 consiliarii
582 1122 700 1198 iuquam
716 1131 748 1180 et
760 1119 894 1190 oratoris,
914 1127 1107 1197 preterquam
1119 1133 1197 1187 mea,
1209 1133 1298 1176 nemo
1311 1124 1358 1176 sat

264 1213 453 1293 quiproierre
460 1221 559 1290 queat.
611 1258 615 1264 .

303 1306 354 1362 28.
377 1303 419 1362 Ut
440 1304 527 1382 igitur
547 1314 578 1362 et
595 1301 762 1371 maledicta,
781 1317 846 1376 quas
870 1299 926 1358 iste
947 1298 977 1356 iu
998 1296 1127 1356 Euboeot
1147 1296 1354 1376 stupuerim

263 1394 377 1466 effutiit,
390 1413 458 1454 cum
472 1392 568 1473 siquid
580 1393 655 1453 torte
668 1392 800 1471 asperius
813 1391 850 1450 ab
863 1389 921 1448 illis
936 1397 1038 1448 conua
1050 1405 1104 1447 nos
1114 1395 1210 1446 actum
1224 1389 1263 1448 sit
1273 1407 1355 1448 com·

264 1487 451 1557 memorabut,
464 1503 558 1546 meras
576 1503 638 1544 esse
658 1483 820 1542 calumnias
838 1480 1001 1552 ostendam,
1021 1497 1081 1539 uon
1102 1500 1138 1541 eo
1157 1477 1252 1540 solum
1275 1480 1355 1560 quod

264 1577 338 1646 faiae
347 1576 604 1644 suut-boceuim
617 1575 692 1637 scire
700 1577 763 1655 jam
775 1592 828 1634 vos
842 1572 1025 1644 existimo-,
1042 1571 1093 1633 sed
1113 1573 1203 1651 quod,
1215 1582 1250 1632 ut
1262 1574 1355 1636 maxi·

263 1685 311 1727 me
322 1687 393 1730 vera
400 1677 510 1738 ment,
523 1680 621 1726 umen
633 1668 676 1727 itu
684 1678 720 1726 ut
728 1687 785 1746 ego
801 1683 851 1726 ess
861 1665 1026 1726 moderatus
1040 1683 1106 1725 sum
1115 1685 1160 1756 res
1168 1667 1287 1727 nacuri
1297 1668 1354 1728 uti·

262 1756 404 1816 lissimum
417 1757 484 1828 fuit,
502 1774 593 1816 unum
609 1767 697 1836 atque
712 1757 837 1817 aiterum
851 1775 918 1836 qute
932 1757 1010 1836 apud
1024 1775 1077 1818 vos
1098 1776 1164 1817 cum
1182 1757 1354 1836 reipublice

262 1842 355 1926 gioria
367 1858 452 1926 gesta
463 1858 532 1906 sunt
543 1848 610 1908 volo
626 1867 782 1927 exponere,
803 1858 891 1928 atque
914 1867 949 1908 ea
965 1849 1077 1928 paucis.
1119 1848 1197 1909 Nam
1208 1859 1353 1909 etunum·

261 1929 405 2018 quemque
421 1937 554 2018 privatim
577 1949 608 1999 et
629 1939 773 2000 civitatem
791 1949 906 2020 oportet
927 1938 1041 2020 publice
1067 1940 1105 2000 ad
1132 1941 1353 2020 praeciarissima

179 2041 187 2052 ·
264 2047 331 2107 quoe
341 2030 395 2092 sibi
407 2040 525 2092 exstant
535 2031 668 2111 exempla
686 2032 813 2112 reliquas
827 2049 941 2111 semper
959 2031 1089 2092 actiones
1106 2033 1206 2092 conari
1217 2033 1353 2113 dirigere.

264 2119 327 2179 ‚Vos
340 2118 435 2198 igitur,
449 2123 653 2197 Athenienses,
667 2143 735 2185 cum
751 2125 963 2185 Lacedaemoni
975 2133 1052 2184 terra
1075 2124 1205 2205 marique
1220 2125 1354 2187 domina·

264 2221 537 2294 renuentemque
553 2217 678 2278 Atticam
692 2218 837 2298 praefectis
850 2237 885 2278 ac
893 2217 1035 2297 praesidiis
1048 2218 1243 2297 undequaque
1255 2222 1355 2280 obsesae

264 2321 328 2364 sam
350 2311 491 2377 tenerent,
510 2308 664 2381 Euboeam,
684 2308 858 2390 Tanagram,
878 2307 1022 2369 Boeotiam
1039 2327 1164 2380 omnem,
1187 2309 1355 2387 Megaram,

265 2393 410 2474 AEginam,
436 2394 572 2471 Cleonas,
597 2411 718 2462 coeteras
739 2400 849 2462 insulas
870 2400 1021 2474 haberent,
1041 2419 1108 2462 cum
1125 2399 1226 2461 civitati
1241 2411 1351 2461 nostros

262 2506 324 2547 nou
336 2485 443 2548 moeuia
456 2507 517 2548 non
528 2510 616 2552 nores
629 2503 738 2565 aaut,
752 2493 792 2553 ad
804 2493 966 2555 Haliartum
979 2492 1090 2572 egressi
1104 2493 1174 2555 estis
1190 2495 1353 2574 iterumque

264 2598 324 2639 non
340 2578 438 2638 inuitis
449 2590 519 2656 post
530 2579 633 2641 diebus
646 2584 685 2643 ed
697 2586 881 2657 Corinthum,
894 2604 953 2665 quo
972 2596 1103 2666 ternpore
1115 2586 1221 2645 multas
1235 2587 1352 2665 quidem

263 2670 383 2750 injurias
396 2669 416 2727 ii
428 2668 478 2748 qui
492 2679 554 2728 tum
569 2672 704 2733 virebant
725 2676 919 2738 Athenienses
939 2679 1087 2739 recordari
1105 2688 1135 2739 et
1147 2678 1273 2755 objicere
1285 2698 1353 2759 pos·

266 2773 331 2823 sent
343 2769 406 2820 tum
421 2759 583 2826 ,Corinthiis
605 2770 666 2818 turn
679 2762 824 2827 Thebanis
838 2770 876 2828 ob
889 2789 927 2829 ea
939 2791 1007 2850 quoe
1017 2770 1094 2831 beiio
1107 2769 1248 2833 Decelico
1262 2771 1354 2832 adrni-

263 2863 373 2913 serant:
394 2852 447 2911 sed
470 2871 530 2916 nou
556 2852 597 2911 ita
619 2850 850 2928 feceruntque
871 2862 994 2921 multum
1021 2863 1121 2923 abiuit.
1174 2864 1270 2943 Atque
1295 2865 1352 2925 hoc

264 2952 429 3021 utrumque,
452 2940 597 3010 AEschine,
618 2958 712 3019 neque
732 2958 785 3017 pro
796 2942 870 2999 bene
883 2947 920 3001 de
934 2970 966 3005 se
979 2953 1086 3012 meritis
1100 2954 1246 3015 sociabunt
1258 2975 1351 3035 neque

264 3053 301 3093 ea
319 3032 449 3111 periculo
467 3052 561 3092 vacua
579 3052 643 3091 esse
660 3032 825 3091 cernebant.
876 3031 916 3090 rit
930 3051 989 3091 non
1003 3038 1110 3101 ideirco
1124 3053 1222 3105 tamen
1236 3047 1351 3107 desere-

264 3126 397 3185 banteos
410 3125 461 3203 qui
475 3122 513 3185 ad
524 3145 556 3184 se
566 3124 769 3202 confugerant,
783 3122 852 3202 quin
867 3142 919 3203 pro
933 3124 1025 3201 gioria
1034 3137 1064 3185 et
1077 3130 1185 3194 honore
1204 3137 1233 3195 in
1251 3138 1351 3198 discri-

264 3217 343 3277 mine
355 3237 387 3277 se
400 3218 526 3297 objicere
537 3214 704 3295 cupiebant,
712 3224 794 3275 recto
807 3224 837 3275 et
849 3214 1040 3294 pulcherrimo
1050 3219 1096 3277 usi
1107 3226 1237 3287 oonsilio.
1259 3228 1351 3290 Nem.

264 3330 323 3400 que
335 3310 469 3371 omnibus
493 3308 657 3368 hominibus
680 3307 746 3367 vite
766 3308 906 3367 tenniuus
924 3326 1001 3367 mors
1015 3318 1072 3381 est,
1085 3312 1132 3371 vel
1146 3313 1171 3372 si
1185 3336 1274 3381 caveo
1286 3324 1350 3401 quis

264 3422 297 3464 ae
310 3405 373 3483 ipse
386 3403 554 3463 oouciusum
567 3412 686 3462 teneat:
705 3401 783 3461 viros
794 3420 862 3461 vero
874 3400 963 3461 fortes
973 3400 1098 3461 honesta
1110 3422 1223 3483 semper
1233 3415 1351 3493 aggredi

266 3503 389 3571 oportet,
406 3513 489 3572 spem
507 3506 577 3553 aute
589 3512 623 3553 se
641 3494 749 3553 bonam
762 3501 970 3572 proponentes,
984 3493 1186 3555 subire·autem
1198 3500 1351 3575 quodcun-

266 3602 323 3663 que
336 3584 407 3643 deus
423 3585 537 3645 dederit
550 3604 697 3663 generose.
725 3585 961 3645 Haeciaoiebant
974 3586 1063 3645 vestri
1079 3586 1215 3666 majores,
1225 3589 1353 3672 huncqui

264 3676 402 3736 intervos
415 3685 500 3733 etate
514 3677 584 3735 estis
598 3674 779 3754 grandiores,
793 3677 844 3757 qui
859 3674 1106 3749 Lacedaemouios,
1129 3678 1223 3758 neque
1243 3683 1352 3748 αωὶοοι

265 3766 359 3846 neque
371 3769 446 3826 bene
457 3765 494 3825 de
506 3768 588 3826 vobis
601 3769 729 3842 meritos,
739 3769 809 3846 quin
821 3768 976 3829 murnum
989 3778 1019 3829 et
1029 3771 1157 3848 gravium
1165 3774 1195 3832 iu
1205 3774 1352 3839 civitatem

265 3870 398 3936 rostram
407 3858 575 3935 injuriarum
588 3868 731 3932 auowres,
745 3872 900 3939 poatqrnrn
921 3860 1054 3923 Thebani
1067 3862 1216 3925 victoriam
1229 3867 1261 3927 in
1274 3868 1353 3933 Leu-

265 3952 344 4015 ctris*
353 3952 503 4013 consecuti
517 3948 661 4011 demedio
679 3952 782 4013 wilare
795 3956 892 4014 eonati
906 3964 984 4026 suut,
998 3956 1235 4031 obstitistispnou
1248 3962 1352 4025 robora

264 4045 425 4125 gloriaque
434 4044 561 4122 illa-qua
571 4053 634 4101 turn
646 4042 791 4105 florebant
802 4044 940 4107 Thebani
948 4049 1210 4130 perterriti‚.ueque
1223 4072 1276 4133 pro
1285 4057 1353 4133 qui·

264 4136 321 4196 bus
333 4136 500 4197 hominibus
508 4144 541 4195 et
551 4132 650 4214 quob
661 4145 729 4215 pust
740 4136 778 4196 ab
790 4136 826 4197 iis
836 4136 966 4198 admisse
979 4138 1288 4221 rfaoiuorapericuium
1302 4164 1351 4207 ee,

264 4228 338 4286 setis
358 4228 464 4289 adituri
483 4238 662 4308 reputantem
684 4228 865 4309 itaque-his
877 4230 960 4291 iactis
975 4230 1091 4295 times
1100 4235 1234 4299 omnbus
1248 4234 1350 4299 deul&

265 4321 362 4391 rastis,
383 4340 446 4394 ros,
470 4322 560 4402 siquis
586 4341 688 4383 eorum
713 4323 744 4382 in
763 4342 815 4385 vos
833 4328 1016 4405 quantumuis
1037 4328 1165 4407 grener
1178 4330 1351 4409 'deliquerit

264 4409 440 4473 iracundiam
452 4414 591 4495 eduam
604 4428 671 4497 euru
684 4414 749 4499 eliis
761 4415 791 4477 in
804 4419 890 4479 rebus
907 4420 1040 4493 munna,
1054 4420 1099 4482 siu
1116 4420 1234 4501 aliquod
1246 4423 1277 4485 iu
1290 4425 1349 4489 dis·
