2934 5000
225 326 264 385 ot
629 313 947 380 ARGUMENTUM.

258 493 299 544 θ’.
316 485 528 548 Postulsvorunt
538 483 721 540 Athenienses
738 487 771 537 ut
784 481 869 538 oeteri
880 480 972 536 Grmot
981 479 1030 552 qui
1041 478 1146 535 toetere
1164 495 1220 534 non
1233 479 1322 536 eonti-

224 573 355 628 nerentns
365 569 445 623 liberi
453 569 560 632 essenl;
578 567 722 636 postuletis
731 562 830 619 eunmt
839 563 982 634 Philippus
993 565 1023 616 et
1033 557 1200 617 mntrnriusn
1209 563 1285 617 lesit.

258 657 297 706 ⁷⁰.
319 649 511 704 Contendebst
521 649 567 702 ille
583 665 613 701 se
623 649 690 702 nibil
706 634 864 716 promisisse
876 645 1104 700 Atheniensibus:
1122 650 1153 699 st
1171 649 1247 700 oerte
1256 660 1322 715 pro·

225 737 306 790 misse
316 734 429 786 exstent
434 731 560 800 quemvis
570 727 614 784 res'
625 744 680 782 non
690 732 794 781 soeutre
806 727 871 780 sint.

259 821 298 872 0⁰.
316 813 460 869 Serihebst
475 813 550 866 idem
567 811 701 865 sedebis
719 825 782 877 quse
792 811 855 878 post
864 823 962 878 psoem
980 808 1082 862 isotsm
1102 800 1180 877 oepit
1194 810 1322 877 pssstm

224 915 284 954 esso
300 911 358 952 rem
371 894 478 950 arbitris
495 893 660 964 permittere,
678 895 707 946 et
724 892 860 945 remisisse
870 905 981 958 semper
991 903 1087 945 omnes
1102 890 1225 959 esptivos
1236 881 1325 943 stne-

224 980 368 1038 niensium.
392 976 472 1032 Prius
487 963 584 1032 irintiie
595 979 646 1039 est,
657 972 793 1042 posterius
803 987 860 1026 nou
871 971 984 1026 omnino
993 987 1098 1038 verum,
1109 971 1134 1024 si
1145 971 1256 1042 quidem
1268 985 1323 1024 rex

224 1062 379 1132 Csrystiom
387 1057 534 1131 quemdem
542 1055 758 1112 Atheniensibus
768 1055 857 1110 noluit
868 1054 1030 1109 condonare.

259 1151 298 1202 9⁰.
318 1143 364 1197 De
372 1135 541 1196 Chersoneso
552 1143 581 1194 et
591 1137 701 1206 endis,
712 1153 765 1192 neo
774 1152 856 1208 equs
867 1151 917 1192 rex
926 1137 1048 1192 Msoedo
1057 1137 1174 1208 scripsit,
1182 1153 1235 1192 neo
1246 1133 1324 1204 vers,

225 1223 508 1298 neotignsntbenis.
991 1220 994 1231 '

635 1339 773 1394 Orationis
783 1339 921 1395 emtore.

262 1453 409 1510 Concludit
417 1453 508 1506 orstor
524 1447 704 1516 vituperando
716 1462 763 1500 oos
774 1445 824 1516 qui
835 1445 981 1514 epistolem
993 1445 1112 1515 Philippi
1123 1443 1281 1510 leudebsut,
1293 1446 1328 1498 et

227 1529 379 1608 pollioeudo
390 1549 419 1588 se
434 1536 463 1586 et
473 1531 544 1600 repis
555 1528 697 1598 epistolem
709 1534 739 1582 et
756 1529 909 1597 legatorum
922 1529 1004 1582 verbs
1014 1530 1122 1598 plenius
1132 1530 1323 1583 reintstnrum.

263 1619 347 1672 Diots
355 1621 396 1672 est
407 1615 468 1670 isses
480 1611 565 1667 oratio
577 1625 649 1664 anno
658 1612 779 1665 secundo
790 1610 963 1680 Olympiadis
975 1625 1034 1692 cix,
1046 1611 1098 1666 sub
1111 1611 1266 1693 Pythonem
1282 1627 1326 1666 sr-

225 1701 334 1756 obonte.

346 2101 516 2178 'blnnnll
536 2113 839 2176 ARGUMENTUM
861 2111 905 2174 ΙΝ
926 2105 1178 2174 ORATIONEM

611 2233 669 2294 DE
691 2231 935 2296 HALONESO.

261 2371 437 2429 lssosrsrrnu
445 2375 584 2432 besorum,
593 2376 631 2424 De
638 2375 768 2432 lleloueso,
775 2377 818 2424 set
825 2375 913 2424 nonu
924 2376 1003 2424 torsss
1010 2370 1329 2433 monimntum

162 2481 167 2486 ·
230 2453 260 2501 sd
270 2453 370 2515 Philippi
378 2453 509 2517 epistolem.
543 2451 644 2513 Soripsit
659 2451 721 2498 enim
733 2451 759 2496 is'
767 2452 796 2496 sel
809 2452 974 2516 Athenienses,
986 2452 1067 2497 multis
1077 2451 1108 2498 sle
1119 2452 1189 2498 rebss
1200 2448 1330 2506 timaus,

230 2542 324 2591 querum
339 2544 384 2576 uns
396 2535 447 2575 eret
463 2529 606 2580 Helonesos,
618 2541 669 2587 quse
683 2538 756 2586 quum
771 2524 898 2586 sntiquitus
908 2526 1087 2575 Atheniensium
1098 2532 1169 2583 esset,
1180 2523 1329 2589 temporibus

230 2600 333 2665 Philippi
345 2619 359 2651 e
368 2600 496 2651 latronibus
506 2604 636 2649 tenehstnr.
669 2598 761 2659 Quibus
771 2600 899 2663 Philippus
908 2601 999 2663 ejeetis,
1009 2602 1171 2663 repetentibus
1178 2598 1330 2649 Atheniensi·

228 2678 274 2725 bns
283 2679 381 2727 insulem
391 2694 436 2727 nun
447 2677 534 2735 residit,
552 2676 614 2739 quod
627 2691 693 2724 susm
703 2690 756 2725 esse
769 2675 844 2733 (lieet,
852 2677 985 2739 petentibus
999 2692 1050 2725 enm
1065 2677 1175 2726 ‹lstnru
1185 2694 1211 2725 se
1228 2675 1329 2740 polline-

230 2762 276 2801 tnr.
307 2756 392 2816 Neque
402 2768 458 2803 reru
475 2754 551 2802 urstio
561 2752 620 2801 mihi
629 2752 722 2803 videtur
737 2768 791 2802 esse
804 2754 985 2816 Demosthenis3
998 2754 1070 2818 isque
1084 2761 1134 2802 mm
1150 2770 1183 2802 ex
1194 2769 1280 2816 genere
1291 2754 1331 2801 di·

228 2829 313 2881 otiouis
318 2836 396 2891 potest
404 2824 567 2887 snimsrirerti,
575 2836 623 2877 tum
629 2844 661 2877 ex
671 2835 786 2877 eonomtu
795 2829 979 2893 oompositionis,
986 2846 1038 2893 qun
1046 2832 1140 2878 siosms
1148 2830 1331 2878 Demosthenios

229 2908 299 2969 longe
309 2906 410 2963 mestilt,
419 2920 491 2968 quun
501 2907 603 2955 sensisse
614 2905 683 2954 sit'st
693 2906 810 2955 hessiuts
822 2907 925 2964 mino,
933 2912 1002 2970 strue
1012 2909 1043 2955 sb
1053 2906 1123 2969 hujus
1133 2907 1233 2955 orstoris
1244 2922 1331 2969 geone

229 2982 471 3048 prorsussbhotnens.
504 2981 568 3041 Quin
585 2982 729 3031 illudetlsm
745 2984 876 3033 timet
891 2985 1123 3041 inenuntium
1139 2984 1331 3033 mouens·

230 3060 1027 3127 monumemmuueoeteteosmieesngennnnoe
1041 3060 1331 3127 psrroishioioestspn·

229 3138 288 3186 rism
298 3152 353 3187 esse
361 3138 421 3187 hene
431 3136 566 3187 ontionem.
599 3138 660 3207 Nem
671 3137 845 3188 Demosthenes
853 3140 961 3189 libertste
970 3140 1064 3202 quidem
1074 3141 1099 3188 in
1108 3140 1211 3188 disseio
1218 3140 1278 3189 solet
1286 3140 1333 3195 nti,

231 3216 274 3263 sel
285 3216 336 3265 heo
347 3214 487 3265 eoutumelis
497 3222 534 3265 est
544 3221 570 3263 et
579 3214 712 3265 oonrioium
722 3218 817 3265 moden
828 3218 956 3267 exoedsns.
997 3217 1067 3267 sede
1077 3216 1141 3281 quoti
1151 3231 1264 3279 perquem
1273 3217 1332 3265 vilis

231 3290 288 3341 insit
299 3292 320 3339 ei
333 3292 446 3351 elocutio,
458 3302 482 3341 et
489 3292 596 3355 ineptum
606 3290 663 3354 qnid
670 3292 791 3352 iuriioelur
802 3294 906 3343 homiues
916 3295 940 3342 is
951 3294 1096 3357 tapetibus
1106 3295 1192 3342 hebere
1202 3294 1333 3341 senebrun-

230 3368 308 3429 Atque
319 3370 378 3417 sdeo
386 3375 480 3417 veteres
489 3382 581 3431 quoqne
593 3368 651 3415 hene
659 3368 786 3417 ontionem
795 3386 841 3419 non
851 3387 905 3419 esse
920 3370 991 3433 huius
1001 3371 1099 3420 unleds
1108 3369 1223 3433 suspiosti
1233 3376 1297 3426 suut,
1307 3374 1335 3417 et
1364 3392 1370 3407 e

232 3444 406 3506 deprehendite
416 3444 511 3508 quiden
522 3436 573 3493 e'sm
583 3460 636 3493 esse
645 3438 789 3509 Hegesippi,
799 3434 892 3496 tnm'ex
902 3448 1015 3497 monis
1025 3449 1099 3497 forms
1107 3448 1140 3512 (is
1151 3445 1213 3495 euim
1223 3446 1265 3494 tsli
1275 3460 1334 3494 usus

231 3518 291 3585 est),
302 3527 351 3568 tum
361 3536 392 3569 en
402 3521 473 3569 rebus
488 3520 556 3583 ipsis.
589 3522 651 3569 Nem
666 3522 717 3583 ejus
733 3523 844 3572 untionis
859 3515 972 3585 seriptor,¹
982 3540 1008 3572 se
1023 3524 1157 3589 tlsllippum
1170 3520 1334 3571 Puniensem

230 3596 369 3646 violetsruns
380 3596 459 3659 legum
473 3612 538 3645 reum
551 3596 637 3646 lesisse
653 3598 712 3646 (linit
720 3615 728 3658 5
744 3616 816 3662 porro
831 3606 922 3650 oonstst
940 3600 1072 3665 Gellippusn
1083 3616 1128 3647 non
1139 3616 1154 3648 s
1165 3598 1334 3653 Demosthene,

231 3672 273 3721 seri
285 3672 315 3720 eb
327 3672 476 3733 Hegesippo.
485 3686 552 3720 reum
563 3686 617 3721 esse
627 3674 721 3723 ts'otum
755 3675 799 3735 At,
811 3691 853 3739 per
863 3676 956 3734 iussn,
965 3676 1040 3725 oretio
1051 3674 1134 3724 susllet
1144 3673 1334 3731 Atheniensibus,

231 3755 260 3797 nt
272 3750 416 3799 liulonesum
427 3762 474 3795 uon
488 3748 612 3811 eooipisnt,
630 3752 672 3800 seri
689 3750 817 3815 resipient,
827 3768 855 3801 se
865 3754 896 3802 rie
908 3754 986 3804 verbis
998 3752 1194 3811 oonborertitur;
1209 3750 1335 3799 AEsohiues

230 3833 308 3875 sutem
326 3825 390 3874 dieit·
404 3824 586 3873 Demosthenem
601 3828 652 3875 beo
671 3829 851 3879 Atheniensibus
870 3829 981 3878 sensisse.
1013 3828 1079 3888 onie
1095 3834 1144 3876 tum
1155 3829 1255 3892 poetes?
1271 3828 1338 3876 roe*

232 3908 287 3952 suut
296 3902 384 3967 quippe
395 3902 565 3951 Demosthenes
575 3909 601 3951 et
614 3906 767 3969 liegeslppus
781 3908 885 3955 semelem
896 3906 982 3955 lesisse
998 3906 1138 3962 sessionem,
1150 3904 1264 3967 siquidem
1275 3904 1334 3952 sliss

232 3978 339 4043 ejusdem
351 3986 418 4029 ment
426 3978 452 4027 in
461 3978 584 4041 republios
595 3980 705 4039 instituti,
716 3989 742 4031 et
755 3984 886 4032 orston'bus
895 3983 1003 4048 Philippi
1012 3981 1127 4032 studiosis
1140 3982 1332 4031 sdversebsstur.

233 4056 342 4103 ltsminit
353 4055 423 4105 etism
434 4054 605 4105 Demosthenes
613 4056 756 4120 Hegesippi,
768 4066 796 4108 ut
806 4060 903 4122 ootbge
913 4060 950 4108 sui
968 4062 992 4108 is
1005 4060 1113 4108 md·
1126 4058 1243 4121 legetione
1255 4064 1281 4105 et
1290 4072 1336 4118 op·

232 4130 305 4193 positi
316 4132 494 4190 lllsoetlonibus.
526 4133 679 4197 Perspieuum
689 4140 726 4183 est
737 4136 821 4199 igitur,
829 4152 901 4199 quum
909 4136 985 4186 essue
994 4135 1160 4185 Demosthenis
1170 4135 1202 4182 sle
1212 4132 1334 4182 Heloneso

234 4206 315 4255 hebits
323 4224 368 4256 non
380 4216 493 4267 enstsret,
506 4211 548 4258 seri
558 4209 676 4274 periisset,
687 4211 779 4273 sliquos
796 4228 847 4261 enm
861 4226 913 4276 qne
925 4214 1019 4262 invente
1028 4218 1067 4260 est
1076 4211 1113 4260 illi
1123 4210 1247 4267 tribuisse,
1254 4210 1299 4257 hee
1309 4224 1336 4258 re

235 4284 319 4331 duetus
330 4287 391 4345 quod
403 4285 572 4337 Demosthenes
580 4288 611 4336 do
622 4286 740 4338 ildoneso
749 4290 869 4341 bshuim
879 4291 1019 4349 mstiosen,
1031 4304 1106 4352 neque
1117 4294 1234 4337 sorststos
1245 4302 1274 4335 su
1283 4286 1336 4336 heo

237 4375 318 4408 rorors
326 4368 386 4412 esset
397 4362 436 4409 ills
444 4378 487 4425 per
498 4380 550 4413 eum
563 4362 651 4426 soripls
664 4366 745 4415 oretio.
