2934 5000
540 301 808 429 neronom.
877 307 881 316 '
942 333 948 346 ·
1170 323 1226 384 all

127 499 191 544 non
204 481 279 542 enirn
290 479 475 561 quecunque
487 482 517 541 io
530 501 572 542 eo·
578 483 675 542 inesse
687 469 809 561 possem
830 474 996 538 ostendere*
1004 479 1109 556 probra
1122 495 1157 540 sc
1177 477 1228 538 de-

124 573 242 645 decora,
253 576 351 634 omnia
356 585 429 654 pnto
443 593 521 633 ame
529 575 592 652 jam
605 576 705 634 stetim
716 593 783 633 esse
792 569 980 651 proferenda,
995 569 1048 629 sed
1061 589 1097 630 ce
1110 570 1227 630 demum

115 685 193 744 quie
205 668 277 727 mibi
289 668 387 747 turpia
399 668 481 726 dictu
492 685 552 725 non
563 677 643 726 sunt.

98 798 117 808 -·
164 761 215 817 80.
241 759 382 838 Expende
395 759 484 836 igitur
496 758 625 837 collutas⁸
633 758 708 816 inter
721 776 754 816 se
768 759 918 834 utriusque
930 765 1062 816 nostrum
1075 755 1162 828 vitas,
1184 755 1227 814 le·

120 849 199 909 niter
212 861 243 910 et
256 871 315 910 non
327 851 445 920 acerbe,
465 849 623 908 AEscbine:
638 849 752 908 'deinde
774 869 810 909 ex
831 849 877 908 hie
900 848 1033 928 quaerito,
1056 847 1148 910 irtrius
1170 847 1228 907 sibi

120 942 249 1020 quisque
261 943 409 1002 fortunam
422 940 487 999 deri
500 939 591 999 malit.
612 940 658 997 Tu
670 938 770 998 literas
785 940 923 1012 docebas,
938 958 994 1019 ego
1014 941 1053 1000 ad
1074 939 1177 998 ludum
1193 938 1226 1006 li-‚

113 1033 352 1091 -terarnmibam,
379 1032 425 1089 To
438 1031 584 1102 initiabss‚
596 1049 655 1108 ego
673 1031 816 1090 initiabar.
841 1031 887 1090 Tu
899 1051 967 1090 cum
981 1031 1070 1090 choro
1085 1031 1224 1100 seliobre,

110 1141 179 1202 ego
192 1124 314 1183 eborum
327 1124 453 1184 alebam.
488 1122 534 1180 'l'a
548 1122 731 1192 scribseras,
745 1141 802 1199 ego
815 1122 1020 1182 concionabar.
1065 1122 1112 1180 Tu
1126 1121 1225 1182 terties

118 1209 243 1293 agebas,
257 1233 314 1293 ego
327 1214 506 1293 spectabam.
527 1211 573 1269 Tu
587 1210 753 1283 excidebas,
764 1231 823 1291 ego
837 1211 1034 1272 exsibilobam.
1069 1213 1113 1271 Tu
1127 1214 1225 1272 omnia
1240 1258 1243 1267 ,

109 1325 175 1384 pro
195 1305 328 1365 hostibus
348 1306 379 1363 in
399 1323 461 1383 rep.
484 1304 613 1382 gession,
636 1323 693 1382 ego
714 1323 779 1381 pro·
795 1305 899 1383 patria.
935 1303 1023 1362 Mitto
1043 1316 1170 1366 cetere:
1196 1314 1227 1366 at

117 1415 203 1454 nunc
215 1393 304 1454 bodie
317 1414 373 1473 ego
386 1406 419 1454 ut
433 1413 542 1462 corone
562 1394 654 1454 doner
673 1395 893 1473 inquisitionem
915 1397 1016 1466 subeo,
1032 1395 1103 1455 nihil
1126 1387 1241 1456 autem'

118 1485 281 1562 deliquisse
301 1487 393 1545 mein
406 1486 543 1545 confesso
556 1496 620 1553 est;
644 1495 677 1544 tu
698 1505 767 1545 eum
787 1487 846 1546 hoc
868 1497 1021 1546 essecutus
1050 1505 1082 1544 es
1100 1496 1134 1545 ut
1146 1488 1226 1546 calu-

118 1575 399 1654 ¹‚rrrniotorbohemis,
409 1587 471 1640 tum
484 1578 515 1635 in
528 1577 685 1638 discrimen
698 1577 791 1650 renis,
801 1587 898 1638 utrmu
908 1578 1031 1656 amplius
1043 1578 1072 1636 id
1088 1581 1118 1636 le
1131 1579 1227 1638 iecere

110 1677 266 1746 oporteat,
280 1669 391 1748 anjam
410 1669 569 1749 compesci,
581 1671 713 1748 quintum
733 1669 936 1747 suffragiorum
951 1679 1060 1748 partem
1079 1689 1138 1728 non
1155 1663 1225 1730 con-

118 1775 262 1826 secutum.
285 1765 439 1826 Enimvero
450 1765 904 1844 bonatosidelicetpersomnem
915 1765 1003 1824 vitam
1014 1764 1131 1824 fortuna
1144 1785 1225 1839 usus,

116 1875 212 1916 meam
241 1866 381 1936 tanquam
401 1857 542 1936 abjectam
564 1856 743 1934 criminaris!
771 1857 838 1933 Age
863 1849 961 1914 autem
988 1866 1017 1916 et
1042 1857 1222 1936 publicorum

86 1948 93 1958 ’
109 1967 280 2022 munerum,
297 1970 365 2027 quse
378 1950 447 2019 obii,
469 1949 637 2009 testimonia
649 1949 779 2009 recitabo
793 1948 875 2009 vobis
887 1949 996 2008 omnia.
1036 1949 1141 2010 Recita
1154 1970 1223 2009 sero
1241 1969 1244 1979 ·

117 2042 206 2100 nobis
219 2063 235 2100 e
249 2053 351 2101 contra
370 2053 404 2101 tn
417 2060 520 2100 versus
534 2042 612 2112 illos,
629 2033 702 2119 quos
715 2043 779 2100 oiim
786 2040 943 2119 jugulasti,
968 2035 1066 2102 adso
1075 2061 1103 2100 m
1128 2044 1188 2102 rel
1198 2029 1224 2101 i-'

119 2133 197 2190 otis
219 2133 439 2191 inferorum
459 2119 624 2189 s'edibus
641 2144 672 2190 ct
690 2133 788 2190 mala
809 2133 909 2190 scito
929 2151 1007 2190 non
1026 2135 1221 2196 volentem

118 2245 140 2281 n
150 2224 306 2283 notiore
330 2243 360 2282 m
369 2244 395 2293 e,
419 2233 451 2281 et
465 2223 575 2280 malum
589 2223 664 2280 male
677 2233 711 2280 te
722 2223 846 2299 primum
858 2222 898 2281 dii
910 2223 1098 2295 immortales,
1113 2226 1220 2287 deinde

118 2313 150 2372 bi
171 2332 282 2388 omnes,
295 2313 432 2393 perdent,
452 2313 613 2391 improbum
635 2327 666 2371 et
679 2313 775 2372 civem
787 2321 818 2371 et
827 2311 1003 2389 ‘proditorem
1017 2323 1047 2372 et
1065 2317 1221 2376 tertiarum

116 2406 298 2467 histrionem.
340 2406 449 2466 Recita
463 2404 639 2464 testimonia.
1054 2403 1056 2408 '

379 2534 384 2545 ’
427 2519 436 2546 ⁸
467 2636 472 2642 ,
504 2573 797 2641 ,ΤΕεΤιΜοΝιΑ.
889 2524 894 2537 Χ

157 2674 211 2750 slj
224 2692 269 2749 -ln
281 2691 317 2751 iis
329 2691 418 2770 igitur
440 2710 507 2769 quse
520 2690 557 2750 od
572 2690 780 2771 rempublicam
800 2694 936 2769 spectant
957 2688 1024 2747 telis
1045 2692 1161 2749 exstiti:
1187 2692 1217 2751 in
1239 2760 1241 2767 y

113 2782 234 2861 privetis
247 2792 354 2856 autem,
369 2782 393 2842 si
407 2801 467 2841 noo
481 2800 582 2841 omnes
596 2800 645 2841 me
660 2800 774 2841 comem
789 2791 820 2839 et
833 2779 992 2839 humanum
1006 2791 1036 2839 et
1052 2783 1082 2840 in
1096 2792 1216 2861 egentes

115 2875 279 2934 beneficum
289 2873 477 2952 cognovistis,
488 2885 573 2933 taceo
582 2884 613 2932 et
625 2872 696 2932 nihil
711 2873 806 2932 dicam
817 2890 913 2952 neque
923 2872 1013 2931 ullum
1022 2872 1068 2931 his
1079 2872 1116 2931 de
1130 2876 1217 2933 rebus

113 2956 259 3046 proferam
273 2968 480 3038 testimoninm,
499 2983 557 3026 noo
572 2967 684 3043 siquos
698 2968 737 3025 ab
750 2965 881 3025 hostibus
896 2964 1015 3034 redemi,
1029 2985 1089 3024 non
1103 2967 1129 3023 si
1143 2985 1214 3043 quo-

109 3073 179 3118 rnm
192 3060 267 3117 filias
277 3060 307 3115 in
322 3058 533 3116 matrimonium
547 3056 700 3127 collocavi,
714 3076 773 3116 non
785 3058 943 3138 quicquam
957 3056 1058 3115 horum
1072 3058 1141 3120 tale.
1166 3058 1215 3118 Sic

112 3152 193 3211 enim
203 3151 343 3208 existimo.
365 3148 439 3207 Eum
456 3150 506 3226 qui
519 3148 694 3207 beneficium
707 3151 853 3231 acceperit
866 3149 944 3206 omni
968 3148 998 3207 id
1011 3158 1142 3226 tempore
1155 3169 1215 3209 me·

114 3243 210 3303 moria
229 3252 329 3300 tenere
343 3252 414 3319 puto
437 3250 580 3318 oportere,
599 3258 666 3299 eum
690 3242 832 3319 vero:qui
850 3239 1006 3299 contulerit
1025 3240 1063 3297 de
1074 3242 1216 3301 memoria
1323 3272 1325 3275 ·

112 3335 213 3395 statim
231 3333 390 3411 deponere,
405 3331 529 3390 simodo
543 3331 607 3390 vult
618 3332 668 3390 ille
679 3332 733 3391 riri
747 3332 827 3401 boni,
840 3330 890 3389 hic
905 3349 963 3388 non
977 3328 1076 3407 pusilli
1089 3332 1214 3395 hominis

113 3428 204 3489 animi
223 3426 320 3503 officio
332 3424 441 3501 iungi:¹
451 3443 506 3481 sua
518 3442 586 3481 sero
598 3422 742 3482 beneficia
763 3439 988 3481 commemorare
1011 3430 1041 3479 et
1054 3423 1213 3500 proedicare

110 3520 325 3602 propemodum
339 3516 514 3594 exprobrare
528 3525 583 3573 est.
620 3516 720 3582 Quare
734 3512 806 3571 nihil
817 3531 882 3572 sum
895 3512 953 3571 tole
967 3515 1105 3587 lecturus,
1120 3536 1212 3596 neque

110 3624 208 3691 usque
221 3630 257 3669 eo
272 3607 425 3690 provehar,
440 3606 723 3685 sed-qualiscunque
743 3604 892 3679 bominum
905 3604 935 3662 in
949 3602 993 3664 his
1005 3606 1098 3667 'rebus
1113 3607 1150 3676 de
1164 3630 1211 3669 me

108 3705 210 3784 opinio
224 3699 409 3773 est‚eamibi
423 3700 495 3759 satis
510 3709 566 3760 est.
605 3739 609 3743 e
791 3696 793 3703 ’

148 3799 201 3855 82.
221 3794 300 3853 Volo
313 3803 422 3863 autem,
435 3790 623 3870 privatiejam
637 3789 779 3868 explicitis
790 3789 886 3863 rebus,
897 3794 1133 3869 paucaqnednm
1148 3810 1210 3849 em-

108 3890 186 3970 plius
200 3886 279 3967 opud
299 3902 352 3944 vos
374 3883 558 3962 depublicis
578 3882 728 3941 disserere.
766 3884 798 3941 Si
818 3901 903 3962 quem
930 3883 1018 3960 igitur
1045 3881 1207 3939 mortalium
1262 3902 1263 3907 ¹

111 3998 186 4061 qnos
203 3976 313 4038 bic-sol
335 3976 432 4046 videt,¹
443 3974 592 4046 AEschine3
604 3973 731 4052 proferre
745 3984 837 4053 potes,
849 3976 901 4053 ‘qui
921 3972 1076 4033 incolumis
1089 3980 1178 4031 antea
1191 3993 1209 4032 e

110 4072 237 4151 Philippi
258 4079 289 4128 et
306 4069 438 4128 nuncab
454 4065 615 4126 Alexandri
635 4066 787 4125 dominatu
801 4066 935 4136 evaserit,
955 4064 1017 4122 sive
1038 4062 1208 4131 Graecbrum

109 4165 382 4231 sisebatberorbm,
392 4169 466 4230 esto,
478 4158 612 4219 concedo
626 4158 793 4228 tibi5mesm
808 4160 869 4217 siue
883 4157 1028 4214 fortunam
1043 4153 1103 4213 sive
1117 4152 1207 4215 infor·

108 4256 221 4316 tunium
231 4255 380 4313 nominare
388 4251 630 4323 masis‚omnium
636 4249 780 4308 malornm
790 4264 910 4323 causam
922 4244 1019 4302 luisse.
1042 4244 1093 4302 Sin
1108 4259 1205 4309 eutem

108 4348 273 4425 'eorumqni
279 4364 373 4423 neque
380 4342 1012 4417 movideruntunquamnequevocemmeent
1022 4335 1209 4414 audiverunt·

107 4438 304 4501 multimolta·
312 4447 342 4496 et
360 4434 459 4515 grevia
473 4442 544 4493 sont
555 4432 771 4511 perpessinon
783 4428 881 4503 solum
890 4424 1059 4519 ‘singulares
1072 4426 1206 4537 homines
