2934 5000
496 341 731 404 PHILIPPICA
751 341 809 401 lv:
945 337 949 348 “
1142 335 1199 393 105

102 515 214 558 censeo
239 497 512 577 reprehendendos:
543 515 637 577 neque
666 499 745 557 euim
769 496 801 556 in
823 493 941 574 privatis
964 490 1080 552 familiis
1098 487 1200 548 adole·

103 599 237 650 scentern
258 609 328 670 erga
351 591 481 650 seniores
501 590 542 650 ita
562 589 698 650 affectum
727 605 795 648 esse
818 586 1028 662 videmusque
1050 582 1127 642 adeo
1147 598 1198 638 ve·

103 680 221 740 cordam
246 694 298 742 aut
317 683 456 762 ineptum,
478 691 520 752 ut,
542 683 597 741 nisi
619 699 721 740 omnes
741 699 783 740 ea·
797 687 890 758 agant
909 697 976 756 quse
994 675 1057 753 ipse
1078 672 1151 751 agii,
1165 690 1198 730 ¹0

104 791 221 850 quoque
243 786 331 854 neget
347 786 479 836 acturum
492 793 556 834 esse
570 774 745 852 quiequam:
766 773 883 830 isesias
896 781 960 830 tum
979 769 1099 846 legibus*
1113 764 1200 842 impi-

104 867 190 926 etatis
208 875 370 925 teneretur:
392 867 495 928 decere
514 867 591 926 enim
610 885 727 935 censeo,
745 865 933 925 constitutam
950 865 987 921 ab
998 873 1130 937 utraque
1145 859 1200 916 sti-

103 975 182 1033 pem,
199 967 229 1016 et
243 967 377 1016 enatura
394 968 424 1016 et
443 977 462 1016 a
479 957 555 1035 lege,
571 959 650 1036 juste
664 956 757 1026 reddi,
770 968 802 1014 et
816 955 893 1015 ultro
907 953 1007 1034 pendi.
1048 950 1152 1010 Sicut
1145 951 1199 1026 rgi-

103 1057 153 1108 tur
165 1049 394 1129 uniuscujusque
407 1058 539 1110 nostrum
554 1067 658 1127 parens
674 1047 844 1125 estaliquis,
859 1047 900 1107 sit
918 1046 1060 1104 universas
1077 1041 1203 1103 civitatis
1331 1046 1333 1049 ’

104 1159 275 1200 communes
300 1137 434 1218 parentes
454 1127 533 1201 cives
556 1139 681 1198 universi
703 1148 773 1198 sunt
793 1137 994 1198 existimandi:
1016 1149 1113 1216 atque,
1128 1134 1204 1195 adeo

105 1251 165 1292 non
178 1232 357 1312 eripiendum
382 1232 426 1292 eis
445 1233 601 1312 quicquam
625 1239 679 1304 est,
693 1231 773 1309 quod
785 1229 950 1308 respublica
961 1228 1099 1308 largibar
1119 1240 1164 1298 ut,
1177 1225 1203 1284 si

104 1325 208 1386 horum
219 1324 290 1385 nibil
303 1324 430 1396 fieret'
406 1344 447 1384 ers
461 1324 579 1384 aliunde
594 1321 831 1402 prospiciendum
845 1331 935 1390 esset,
949 1340 988 1379 ne
1000 1339 1061 1398 qua
1071 1339 1103 1378 re
1111 1337 1204 1396 egen·

104 1425 151 1478 tes
165 1417 361 1494 negligantur.
403 1415 490 1483 Quod
503 1416 528 1474 si
542 1415 705 1494 locupletes
718 1412 750 1472 in
762 1413 819 1472 lune
838 1411 986 1472 sententia
996 1412 1064 1483 siut,
1077 1428 1130 1468 eos
1142 1427 1204 1468 non

105 1509 196 1568 modo
210 1527 297 1586 sequa
312 1509 439 1570 facturos
456 1518 537 1586 puto,
551 1506 605 1566 sed
629 1505 712 1565 utilia
725 1523 861 1584 quoquer
882 1521 951 1562 nam
965 1503 1053 1561 rebus
1065 1519 1205 1560 neeessa-

105 1598 158 1658 riis
172 1599 308 1660 iraudar'e
322 1597 446 1677 aliquos,
460 1598 490 1657 id
505 1597 616 1674 efficere
626 1607 681 1668 est,
696 1608 728 1655 ut
742 1596 908 1676 reipublicae
918 1593 1006 1654 multi
1018 1593 1097 1654 male
1106 1591 1204 1652 uelint.

152 1692 198 1750 11.
219 1690 359 1769 Inopibus
371 1699 467 1750 autem
480 1689 632 1758 suaserim,
649 1699 682 1749 ut
695 1709 761 1767 quse
781 1707 828 1747 res
841 1687 1036 1766 locupletibus
1049 1684 1129 1745 oneri
1148 1693 1204 1757 est,

106 1791 139 1842 at
149 1781 186 1840 de
198 1801 256 1861 qua
265 1781 346 1842 haud
356 1782 459 1856 injuria
470 1791 641 1860 queruntur,
652 1801 716 1840 eam
730 1790 921 1841 removerent.
962 1777 1139 1858 Progrediar
1151 1794 1205 1834 au-

105 1885 165 1934 tern
184 1873 286 1937 eodem
297 1873 385 1934 ruodo
400 1892 459 1952 quo
469 1873 592 1946 dudum,
602 1885 633 1934 et
641 1894 695 1953 pro
709 1873 832 1934 divitum
845 1872 1016 1934 defensione
1027 1867 1206 1936 versificare

108 1987 171 2043 non
179 1967 337 2028 dubitabo:
351 1965 419 2026 mihi
428 1968 600 2028 cuimnemo
608 1967 649 2026 ita
661 1966 838 2027 inhumanus
848 1975 901 2026 aut
909 1964 1022 2026 crudeli
1030 1963 1129 2024 animo
1138 1971 1210 2034 ests,

109 2060 235 2130 ridetur,
254 2057 361 2118 nedum
379 2057 610 2128 Atheniensium,
631 2056 684 2117 sed
698 2078 753 2117 nec
765 2067 947 2130 ceterorum,
958 2067 994 2115 ut
1004 2068 1162 2135 pauperes,
1175 2063 1209 2113 et

106 2171 205 2212 rerum
215 2147 442 2210 necessariarum
454 2167 574 2225 egenos,
583 2167 687 2226 capere
698 2150 757 2209 ista
768 2167 837 2208 cunr
848 2148 1119 2225 videaaegoeterat
1145 2146 1208 2206 Sed

108 2243 190 2322 quod
203 2241 294 2300 babet
305 2237 411 2297 vulnus
433 2238 490 2297 ista
509 2257 566 2310 res,
579 2245 633 2296 aut
648 2255 734 2315 quam
750 2237 973 2299 difficultateml
997 2238 1075 2298 Cum
1088 2237 1209 2298 rideant

108 2334 253 2415 quosdam
274 2329 400 2410 publicae
423 2330 578 2407 largitionis
600 2330 843 2390 cousuetudinem
865 2329 905 2388 ad
925 2329 1053 2408 privatas
1070 2330 1206 2388 bominum

109 2426 309 2508 possessiones
329 2421 494 2493 transferre,
508 2429 538 2480 et
551 2439 690 2498 magnum
704 2441 770 2480 esse
791 2419 891 2480 statim
907 2419 987 2501 apud
1001 2439 1055 2480 vos
1066 2419 1131 2498 ejus
1143 2439 1210 2480 sen·

109 2518 207 2582 testim
225 2526 384 2587 auctorem,
400 2525 430 2573 et
446 2512 523 2592 quod
542 2513 581 2573 ad
599 2514 786 2575 securitatem
801 2513 920 2593 quidem
938 2513 1044 2573 attinet
1061 2514 1211 2574 immorta-

109 2613 178 2683 lem,
194 2620 279 2688 atque
299 2607 456 2669 aliudesse
466 2606 613 2667 occultum
627 2604 955 2686 suffragiumapublico
961 2606 1098 2667 clamore.
1134 2604 1209 2665 Hac

111 2701 308 2771 diffidentiam,
323 2699 388 2761 hac
407 2698 585 2761 iracundiam
604 2709 741 2759 mouent:
761 2709 877 2779 oportet
898 2698 988 2768 enirn,
1003 2697 1210 2768 Athenienses,
1257 2735 1260 2742 ·

111 2797 189 2857 eires
203 2792 265 2873 pari
278 2794 344 2873 jure
354 2812 421 2853 cum
434 2792 545 2851 civibus
556 2790 650 2849 vivere
663 2810 670 2849 ι
692 2790 807 2863 diuites,
820 2800 855 2851 ut
866 2790 1025 2854 facultates
1038 2809 1107 2850 suas
1121 2790 1152 2849 in
1164 2798 1212 2849 tu·

111 2898 143 2949 to
153 2886 312 2947 collocatas
325 2903 391 2945 esse
401 2893 514 2965 putent,
525 2880 620 2960 deque
630 2880 665 2941 iis
679 2900 740 2941 aaa
749 2883 947 2951 solicitantun
968 2882 999 2943 in
1009 2882 1145 2961 periculis
1158 2901 1212 2941 au-

111 2990 182 3055 tern,
196 2990 231 3039 ut
243 2998 297 3083 pro
310 2978 413 3057 patrias
426 2975 521 3037 salute
532 2993 603 3054 opes
617 2994 685 3034 suas
699 2974 730 3033 in
744 2992 900 3035 commum
908 2976 1081 3035 conimaut:
1095 2974 1210 3054 reliquI,

111 3070 319 3133 nteommunia
331 3088 384 3146 pro
395 3066 767 3128 communibusbabeant”
731 3085 843 3146 ,risque
852 3086 908 3146 pro
917 3068 1050 3147 portione
1058 3067 1211 3135 fruantur

111 3163 224 3243 privata
243 3180 322 3233 vero,
337 3179 390 3239 pro
407 3158 528 3239 propriis
547 3160 734 3242 possessoris.
777 3159 827 3221 Sic
839 3171 871 3220 et
881 3179 973 3240 parva
985 3160 1089 3223 civitas
1101 3178 1211 3240 magna

111 3256 157 3329 fit,
173 3264 204 3312 et
215 3270 323 3329 magna
335 3260 531 3311 conservatur.

156 3348 203 3406 12.
225 3344 319 3412 Quae‘
312 3344 400 3421 igitur
412 3343 450 3401 ab
464 3342 593 3421 utrisque
606 3344 773 3424 praestanda
792 3364 860 3405 esse
879 3344 1042 3419 rideantur,
1059 3278 1126 3405 limo
1147 3344 1210 3407 sere

112 3447 199 3499 suut:
220 3454 321 3496 verum
340 3445 373 3494 ut
385 3443 466 3493 recte
479 3454 594 3513 quoque
608 3436 689 3506 fiant,
703 3438 847 3497 eorrectio
865 3436 1033 3499 adhibenda
1044 3448 1100 3498 est.
1132 3438 1210 3499 Sunt

113 3541 211 3591 autern
222 3530 325 3597 borum
339 3526 523 3606 negotiorum
536 3536 566 3587 et
576 3528 802 3607 perturbationis
815 3528 935 3587 multe
923 3548 987 3607 Jam
996 3529 1067 3590 olim
1078 3530 1212 3592 collectas

113 3642 227 3689 causam
249 3619 458 3700 quaesitionis
472 3618 573 3689 audire
586 3620 667 3681 cordi
681 3630 738 3691 est,
752 3620 886 3680 narrabo.
908 3620 1006 3681 Emoti
1019 3624 1103 3696 estis,
1117 3624 1211 3684 Athe·

113 3716 240 3785 aienses,
260 3733 296 3771 ex
313 3732 349 3772 eo
360 3712 564 3785 fundamento,
583 3713 613 3771 in
628 3732 686 3792 quo
702 3730 754 3775 vos
774 3712 898 3792 majores
911 3714 1000 3774 vestri
1011 3715 1213 3797 collocarunt:

115 3828 151 3868 ac
164 3822 292 3885 praeesse
313 3804 440 3881 Grecis,
460 3812 492 3863 et
505 3803 668 3883 legionibus
683 3805 831 3865 instructis
849 3824 951 3865 omnes
964 3806 1087 3869 affectos
1103 3808 1213 3887 injuriis

114 3898 263 3977 adjuvare,
280 3913 528 3974 supervacaneum
552 3914 617 3955 esse
640 3905 670 3955 et
692 3896 808 3956 inanem
830 3908 979 3977 sumptum
1004 3904 1214 3978 persuaserunt

113 3990 197 4051 vobis
218 3990 340 4049 istorum
354 3988 384 4045 in
397 4006 458 4065 rep.
479 3987 675 4049 institutorum
689 3999 843 4057 auctorem
864 4000 897 4050 at
915 3990 947 4049 in
968 3990 1028 4050 otio
1039 3990 1166 4066 -degere,
1179 4001 1212 4050 et

115 4100 258 4158 nusquam
273 4078 370 4139 officio
384 4078 479 4157 fungi,
500 4079 552 4139 sed
569 4079 738 4163 singultum
750 4080 850 4141 omnia
862 4081 1004 4161 projicere
1017 4090 1048 4140 et
1067 4080 1161 4139 sinere
1178 4091 1215 4143 ut

112 4174 165 4234 alii
177 4192 214 4233 ea
226 4170 419 4249 intercipiant,
433 4170 630 4231 admirabilem
645 4173 815 4233 felicitatem
834 4183 936 4236 etrem
956 4171 1039 4231 nullo
1057 4190 1123 4231 curu
1136 4175 1213 4251 peri-
1292 4225 1296 4231 .

117 4264 184 4326 culo
198 4284 263 4325 esse
281 4263 466 4343 conjunctam
479 4263 598 4342 putatis.
626 4264 702 4333 Ques
715 4264 787 4325 dum
798 4265 884 4333 fiunt,
899 4263 975 4323 alius
987 4265 1019 4322 iu
1032 4281 1100 4323 eum
1113 4263 1211 4327 locum

116 4358 268 4433 invadens,
283 4357 313 4416 in
325 4374 384 4439 quo
396 4374 449 4419 ros
464 4366 540 4419 stare
563 4358 725 4437 oportebat,
745 4356 795 4417 bic
813 4355 970 4417 vero-lalix
984 4366 1016 4417 et
1034 4375 1160 4448 magnm
1182 4370 1214 4422 et
1307 4433 1311 4440 ι

662 4468 679 4506 P
