2934 5000
278 340 336 401 ³42
640 327 812 397 (20th
832 333 1002 395 tutatust,

280 480 486 564 doeoedlficrt,
508 499 560 549 aut
577 490 697 549 ancillas
716 492 823 551 multas
836 490 978 593 possidet,
998 425 1170 549 authentum
1187 482 1385 569 suppellecti

281 578 349 653 lem,
364 580 437 640 sed
431 599 455 639 ιε
469 580 720 658 magnifaciendus
734 594 790 651 est,
803 582 854 658 qui
873 579 1006 640 talibus
998 598 1030 637 m
1042 580 1131 638 rebus
1146 576 1320 655 splendidus
1329 585 1384 645 est

280 686 310 735 et
325 672 513 749 magnificus,
531 689 653 750 quarum
675 672 783 730 utilitas
804 672 842 731 ad
859 670 1026 732 uniuersos
1031 670 1121 729 redit:
1142 669 1232 746 quale
1251 667 1357 728 nibil
1348 687 1383 730 ta

282 761 314 821 Μ
318 762 376 821 rdra
387 764 563 841 reperietis.

321 856 371 912 45.
395 852 551 913 Enimvero
571 854 715 913 triremem
736 852 845 913 civitati
867 854 1006 919 donavit;
1027 853 1104 912 hanc
1126 851 1204 911 enim
1221 850 1295 909 satis
1315 850 1381 915 scio

274 920 646 1025 iactabitetgloriabitur.
668 963 739 1021 ego
760 944 875 1004 robis
900 946 1102 1005 triremem
1128 942 1288 1002 donari.
1325 942 1380 1000 Sic

280 1046 377 1095 autem
392 1038 522 1096 facitote.
552 1037 594 1109 Si,
609 1035 813 1107 Athenienses,
833 1016 1003 1115 reipublicae
1027 1032 1124 1095 studio
1147 1034 1227 1093 illam
1245 1030 1381 1101 donarit,

281 1148 347 1209 quae
360 1148 412 1206 pro
426 1128 478 1187 tali
491 1125 690 1187 munificentia
703 1128 797 1203 gratia
808 1127 946 1209 habenda
958 1136 1014 1197 est,
1027 1125 1147 1186 camilli
1160 1125 1268 1183 habete
1279 1132 1313 1182 et
1329 1140 1379 1183 ree

279 1218 371 1279 ferte:
394 1220 447 1279 sed
460 1217 611 1297 grassandi
625 1236 663 1275 ex
678 1216 796 1277 libidine
810 1218 956 1278 licentiam
969 1237 1008 1293 ne
1020 1216 1106 1275 detis.
1129 1216 1221 1277 Nulla
1231 1216 1312 1273 enim
1329 1233 1379 1274 rer

279 1320 332 1369 aut
354 1311 488 1369 meritum
501 1320 615 1369 tuntum
629 1320 683 1381 est,
702 1318 735 1383 ut
755 1330 791 1369 ea
806 1309 924 1369 licentia
941 1319 1096 1387 propterea
1112 1306 1235 1367 concedi
1257 1305 1377 1365 debeat.

281 1401 333 1461 Sin
347 1413 443 1461 autem
458 1404 496 1461 ob
517 1402 701 1463 timiditatem
724 1412 812 1479 atque
824 1400 1024 1460 effeminatum
1039 1398 1168 1458 animum
1189 1397 1248 1455 hoc
1269 1396 1378 1456 iecisse

280 1494 477 1576 convincetur,
489 1513 525 1551 ne
539 1494 638 1553 fucum
651 1492 733 1555 vobis
747 1493 807 1551 lieri
817 1488 976 1571 patiamini.
998 1491 1033 1549 ld
1045 1491 1134 1567 igitur
1146 1488 1296 1568 quomodo
1304 1508 1378 1566 cog·

202 1602 204 1607 ·
279 1586 429 1645 noscetis?
458 1586 523 1663 Ego
548 1596 578 1645 et
600 1586 655 1645 hoc
681 1586 806 1657 docebo,
827 1602 948 1649 ιιιοιιιιι
971 1603 990 1643 ιι
1016 1582 1167 1661 principio·
1207 1580 1273 1641 Res
1296 1581 1376 1640 enim

277 1678 380 1759 paucis
395 1678 575 1756 expedietur,
585 1681 701 1737 tametsi
713 1678 800 1737 altius
810 1675 1083 1756 repetitarideatur.
1103 1673 1375 1751 Largitionesapud

278 1788 330 1829 ros
344 1770 445 1847 primae
459 1770 546 1827 factas
561 1782 629 1827 sunt
642 1770 671 1827 in
689 1769 841 1827 Enboeatn.
864 1766 898 1825 ιιι
915 1767 1018 1825 horum
1033 1784 1154 1825 numero
1167 1783 1226 1823 non
1244 1764 1301 1823 fuit
1317 1764 1374 1822 Μι-

278 1858 353 1930 dias,
367 1858 418 1917 sed
432 1878 498 1935 ego
531 1860 572 1918 Et
586 1859 762 1918 trierarchiae
777 1860 873 1918 socius
886 1858 956 1917 mibi
977 1857 1032 1916 fuit
1045 1856 1189 1931 Philinus,
1215 1854 1376 1913 Nicostrati

278 1948 312 2015 F.
338 1949 413 2007 Aliae
428 1950 533 2007 deinde
546 1950 704 2009 secundoe'
697 1968 727 2009 m
741 1950 912 2029 Olynthum
936 1949 1021 2009 Nee'
1013 1969 1044 2007 m
1064 1948 1167 2006 horum
1182 1966 1307 2005 numero
1318 1944 1375 2013 t’urt

145 2090 149 2101 .
276 2039 396 2099 Midias.
418 2040 572 2099 Hominem
593 2054 691 2101 autem
704 2041 874 2101 munificum
888 2041 996 2123 ubique
1009 2058 1092 2099 suam
1104 2038 1254 2097 declarem
1268 2037 1373 2095 libera-

274 2130 385 2189 litatem
396 2130 551 2190 decuisset.
574 2132 662 2191 Nunc
671 2132 718 2189 hre
728 2133 822 2190 tertiae
830 2132 996 2209 largitiones
1007 2131 1092 2191 lactoe
1100 2138 1178 2187 sunt.
1201 2128 1245 2187 lbi
1254 2129 1373 2187 demum

275 2223 385 2300 aliquid
409 2222 543 2282 contulit
576 2223 754 2289 Quomodo?
781 2223 887 2282 Cum
879 2242 908 2280 ιιι
931 2232 1035 2285 senatu
1058 2220 1228 2298 largitiones
1257 2221 1372 2296 tierent,

275 2334 407 2395 quumvis
415 2323 477 2373 tum
486 2313 615 2385 adesset
626 2314 696 2373 nrhrl
707 2324 754 2373 est
763 2312 895 2390 lmvrtus
918 2313 1078 2390 Postquam
1088 2332 1158 2371 sero
1167 2313 1371 2383 nunciabatur

176 2419 180 2428 ’
274 2406 400 2465 obsideri
423 2405 529 2463 militer
550 2404 698 2483 Tamynie‚
718 2416 748 2463 et
768 2404 875 2483 reliqui
896 2405 1008 2481 equites
1038 2423 1149 2473 omues,
1170 2422 1293 2481 quorum
1314 2390 1372 2462 iste

270 2492 350 2556 ¹unam
365 2508 436 2566 erat,
461 2495 541 2556 exire
564 2496 821 2556 senatusconsulto
837 2496 1036 2572 jubebantur:
1057 2507 1120 2554 tum
1142 2495 1260 2556 demum
1280 2494 1371 2575 hujus

274 2588 468 2667 expeditionis
481 2598 571 2660 metu,
588 2588 618 2646 in
631 2588 762 2665 proxima
775 2588 927 2674 concione,
942 2589 1030 2646 etiam
1043 2588 1209 2666 priusquam
1223 2587 1371 2666 principes

145 2687 147 2692 '
273 2679 485 2761 consedissent,
503 2675 626 2756 largitus
649 2688 705 2738 est.
739 2679 809 2744 Qua
828 2689 925 2739 autem
946 2697 979 2738 re
1002 2689 1062 2737 tam
1082 2679 1231 2740 evidenter
1251 2680 1371 2748 ostendi

272 2781 380 2852 potest,
393 2782 427 2828 ιιι
440 2772 572 2848 nec'ipse
585 2787 692 2848 negare
706 2770 795 2841 ausit,
808 2771 1002 2849 expeditionis
1015 2771 1094 2849 lugu,
1107 2789 1167 2829 non
1185 2771 1285 2830 studio
1289 2771 1369 2840 libe·

272 2862 405 2930 ralitatis,
419 2861 448 2920 id
466 2880 530 2921 esse
553 2861 684 2920 factumi
707 2861 747 2920 lis
768 2861 832 2939 ejus
852 2862 939 2921 factis
960 2883 1028 2942 quas
1044 2872 1149 2941 postea
1169 2874 1280 2930 secuta
1290 2874 1367 2922 sunt.

225 2999 230 3012 .
274 2953 350 3010 Nam
364 2947 497 3029 primuni,
523 2970 590 3011 cum
605 2971 767 3030 ,progressa
783 2953 936 3024 concione,
954 2964 986 3013 ει
1005 2973 1048 3012 re
1053 2954 1217 3036 disputata,
1231 2974 1292 3014 non
1305 2962 1368 3031 jam

177 3095 181 3112 ,
271 3033 345 3122 opus
358 3061 421 3100 esse
432 3041 579 3102 videretur
594 3043 709 3102 auxiliis
723 3044 865 3122 equitum,
879 3056 909 3104 et
924 3046 1073 3124 expeditio
1086 3045 1217 3127 frigeret,
1227 3067 1287 3106 non
1296 3064 1367 3108 con·

272 3133 386 3197 stendit
409 3152 521 3204 navem,
545 3153 632 3212 quam
653 3135 788 3205 donarat,
809 3137 864 3196 sed
885 3137 1055 3215 inquilinum
1072 3137 1154 3194 illum
1175 3137 1255 3200 misit
1274 3140 1366 3218 AEgy·

270 3227 373 3308 putam,
389 3226 613 3306 Pamphilum,
605 3247 665 3306 ipse
679 3227 727 3286 hic
750 3229 876 3300 haerens,
889 3229 1120 3299 Bacchanalibus
1132 3247 1169 3288 ea
1181 3233 1368 3309 perpetrarit,

188 3353 193 3362 =
270 3329 388 3400 propter
415 3337 481 3398 quae
503 3309 775 3400 nunclaccus'atur.
809 3321 969 3399 Postquam
990 3341 1058 3381 vero
1078 3320 1189 3382 Phocio
1211 3323 1367 3401 imperator

271 3411 382 3488 equites
404 3411 558 3489 Arguraeoe
579 3412 618 3470 ad
637 3413 1055 3486 successionemaccersebat,
1072 3424 1104 3473 et
1120 3413 1253 3473 timidum
1277 3428 1368 3494 atque

271 3500 481 3560 exsecrandum
505 3502 593 3562 istum
611 3503 713 3563 fraude
727 3523 816 3581 agere
827 3507 990 3576 constabat,
1003 3516 1068 3565 tum
1080 3524 1116 3565 eo
1130 3505 1232 3565 ordine
1250 3507 1366 3580 relicto,

223 3599 226 3606 ’
270 3591 417 3648 ιιιίιιειιι
430 3611 463 3650 se
474 3594 608 3671 conjecit.
635 3595 676 3653 Et
689 3615 813 3674 quorum
826 3597 957 3673 equitum
971 3597 1049 3675 apud
1063 3617 1116 3656 vos
1128 3597 1286 3674 preelectus
1300 3619 1368 3660 erse

269 3680 371 3752 voluit,
385 3699 453 3739 cum
472 3683 506 3750 iis
521 3703 580 3742 non
599 3695 645 3743 est
664 3705 813 3763 egressus.
846 3687 935 3752 Quod
959 3688 1076 3766 siquid
1099 3688 1129 3746 in
1152 3688 1225 3751 mari
1244 3690 1368 3768 penculi

268 3774 381 3846 luisset,
395 3773 424 3832 iu
439 3784 542 3834 terram
556 3775 688 3836 nimirum
703 3797 735 3836 se
749 3779 930 3840 contulisset.

308 3867 357 3924 46.
384 3866 425 3924 At
437 3884 495 3923 non
507 3864 659 3926 Niceratus
669 3867 799 3945 quidem
809 3871 930 3941 nonita
942 3871 1035 3932 Nicioe
1048 3873 1126 3934 filius
1128 3875 1366 3953 ,gratiosusille,

268 3959 356 4021 orbus
373 3956 480 4029 liberis,
497 3975 617 4035 corpore
631 3977 750 4036 prorsus
768 3961 871 4030 debili;
893 3982 987 4040 neque
1002 3966 1044 4024 ita
1047 3966 1202 4034 Euctemo
1216 3967 1367 4040 AEsionisr

269 4066 365 4128 neque
383 4047 583 4128 Euthydemus
607 4049 761 4109 Stratoclia
782 4052 834 4112 F
854 4074 923 4112 nam
935 4041 1040 4114 horum
1053 4074 1150 4129 nemo,
1162 4059 1242 4118 ultro
1255 4059 1367 4121 collata

267 4140 393 4212 trireme,
413 4140 625 4218 expeditionem
645 4139 723 4200 illam
741 4141 879 4215 desernit,
892 4146 947 4205 sed
960 4165 1065 4206 navem
1083 4149 1165 4208 illa'm
1185 4151 1314 4215 muneris
1334 4161 1367 4212 et

266 4231 399 4292 beneficii
420 4233 485 4292 loco
500 4233 670 4294 instructam
683 4233 766 4293 dedit
779 4235 816 4294 ad
825 4237 951 4298 classem
962 4241 1140 4317 aagendam.
1163 4242 1222 4305 Ubi
1233 4261 1304 4304 sero
1316 4244 1365 4304 lex

262 4317 395 4410 Jubebat,
404 4323 443 4382 ibi
457 4325 518 4386 suis
527 4325 581 4404 ipsi
597 4327 767 4404 corporibus
779 4327 997 4390 decernendum
1009 4343 1199 4402 censnemnt.
1221 4333 1290 4400 Alia
1302 4335 1364 4399 Μι-

268 4411 324 4472 diae
337 4415 410 4474 ratio
424 4416 489 4492 luit,
503 4419 633 4496 equitum
646 4417 788 4498 prefectir
811 4441 880 4510 nam
903 4421 1006 4484 ordine
1023 4423 1154 4502 legitimo
1169 4424 1300 4497 deserto,
1313 4427 1363 4505 id,
