2934 5000
260 284 318 347 164
665 288 723 350 DE
745 287 929 358 CORONA.

257 438 456 505 adsessorium
472 443 631 506 cumuletis
642 463 701 523 quo
716 463 775 524 ego
790 442 878 506 modo
890 441 946 502 sin
958 433 1352 538 mdieodue-sspcrrimsrs

260 549 332 592 sene
345 531 376 593 id
387 533 513 610 foret-,
524 536 669 616 sedlsges
676 548 707 597 et
716 535 931 616 jusjurandum,
947 531 978 592 in
992 549 1051 610 qno
1065 535 1171 608 prater
1182 525 1241 588 alra
1254 525 1352 588 mults

259 625 502 709 requitatis'pleua
515 629 587 692 illud
597 649 712 709 quoque
733 629 912 708 descriptum
929 623 1100 706 est‚periter
1112 629 1265 699 utrumque
1281 637 1350 724 esse

258 717 449 803 audiendum.
466 720 554 790 Quod
568 743 627 782 non
635 723 710 783 hanc
720 719 807 782 modo
815 719 872 779 sirn
882 719 972 778 habet
980 715 1089 776 nullam
1098 732 1164 774 esse
1175 711 1351 794 praejudrca-

259 811 494 890 lsmopinionem
501 813 687 889 afferendam,
697 824 749 876 aut
756 833 809 894 par
816 811 930 892 utrique
939 806 1067 872 studium
1077 803 1349 888 prestandumsed

257 913 390 962 setonam
404 906 511 984 cuique
532 927 602 966 enm
622 907 754 968 ordinem
766 925 890 984 eamque
903 902 1081 964 defensionis
1093 898 1245 973 rationem,
1257 913 1348 974 quem

258 991 322 1074 ipse
334 994 456 1056 voluerit
469 1009 558 1076 seque
571 997 721 1077 delegerit,
731 1015 798 1057 esse
808 995 1040 1076 permittendam.

300 1085 330 1144 2.
352 1085 427 1146 Cum
440 1088 539 1148 multis
553 1090 640 1168 igitur
653 1089 889 1158 rebuleschine
903 1105 968 1149 sum
982 1086 1013 1145 in
1032 1086 1088 1144 hac
1101 1081 1284 1142 contentione
1301 1081 1347 1140 irr-

259 1170 356 1257 ferior,
378 1191 441 1238 turn
464 1181 577 1242 duabus
598 1180 790 1246 Athenienses
804 1181 979 1264 permagnis.
1020 1177 1096 1248 Una,
1109 1175 1189 1254 (1¹10d
1210 1194 1271 1234 110ss
1285 1171 1348 1254 Pari

259 1265 301 1329 ‚de
313 1275 422 1341 recum
443 1271 501 1332 isto
521 1273 553 1335 in
574 1268 731 1336 discrimen
752 1274 848 1336 venio.
890 1271 992 1350 Neque
1005 1269 1081 1330 enim
1093 1267 1171 1330 idem
1185 1265 1254 1324 mihi
1269 1285 1349 1335 nuuc

259 1368 308 1418 est
319 1373 417 1420 sestsu
428 1363 632 1427 benevolentia
641 1365 785 1438 excidere,
798 1375 887 1444 atque
896 1363 944 1424 isti
957 1380 1076 1422 oausam
1086 1379 1145 1418 non
1155 1367 1264 1428 tenere,
1275 1357 1346 1434 quin

259 1449 331 1509 mihi
343 1453 554 1528 quidem-sed
565 1456 633 1512 nolo
646 1455 800 1532 quicquam
813 1457 895 1510 initio
905 1453 1020 1512 dicendi
1028 1449 1187 1509 ominosins
1194 1446 1347 1528 proloqui:

258 1537 301 1599 illi
315 1559 562 1622 superuacaneum
573 1553 619 1601 est
629 1563 675 1600 me
689 1559 837 1601 accusare.
880 1539 993 1612 Altero,
1004 1539 1083 1618 quod
1104 1539 1273 1598 mortalibus
1286 1557 1344 1597 orn·

258 1631 346 1711 ¹nibus
369 1633 474 1694 nutura
492 1633 610 1694 insitum
630 1645 675 1694 est
693 1645 727 1694 ut
745 1631 881 1694 conviciis
901 1629 1203 1708 criminationibusque
1223 1629 1347 1712 libenter

261 1744 346 1789 aures
356 1725 517 1794 advertant,
527 1725 562 1784 iis
574 1735 671 1784 autem
683 1725 733 1803 qui
752 1745 784 1786 se
797 1724 852 1804 ipsi
872 1723 990 1784 laudent
1011 1721 1204 1782 offendantur.
1244 1721 1290 1780 Ex
1302 1722 1345 1787 his

261 1815 349 1894 igitur
361 1816 441 1893 qnod
454 1816 594 1894 uoluptati
606 1827 662 1886 est,
674 1815 705 1876 id
720 1817 769 1876 isti
782 1816 886 1876 datm:
909 1814 988 1893 quod
999 1814 1134 1875 omnibus
1157 1833 1231 1892 pene
1249 1813 1343 1878 dicam

259 1905 414 1965 molestum
429 1907 545 1983 accidit,
558 1907 628 1966 mihi
642 1917 689 1966 est
699 1907 844 1967 relictum.
883 1905 970 1974 Quod
985 1906 1009 1964 si
1024 1905 1094 1964 dum
1110 1905 1175 1965 boec
1190 1925 1288 1965 uereor
1301 1917 1345 1966 at·

260 2016 317 2076 que
330 1998 422 2077 fugio,
443 2017 487 2058 res
502 2017 520 2058 a
533 2017 580 2059 me
594 2010 691 2078 gestas
711 2019 771 2060 non
791 2017 994 2068 commemoro,
1008 2017 1062 2057 nec
1076 1997 1165 2057 allata
1182 1999 1213 2057 in
1231 2017 1276 2057 me
1289 1999 1344 2058 crl·

261 2089 340 2148 mina
350 2109 436 2168 posse
458 2089 588 2152 refellere
602 2091 731 2164 uidebor,
747 2112 842 2172 neque
864 2111 915 2151 cur
933 2090 1045 2150 honore
1066 2089 1187 2168 dignum
1207 2111 1253 2150 me
1276 2111 1344 2150 cen·

261 2200 343 2242 seam
362 2184 535 2246 ostendere:
556 2185 603 2246 sin
615 2205 662 2246 me
675 2185 715 2246 ad
725 2206 763 2246 en
772 2205 840 2264 qure
853 2183 910 2244 feci
923 2202 1046 2262 queque
1059 2183 1137 2260 gessi
1149 2183 1180 2242 in
1200 2183 1346 2260 republica

260 2273 419 2347 conferam,
432 2295 629 2357 sepenumero
641 2297 729 2357 cogar
742 2279 804 2358 ipse
817 2277 854 2336 de
867 2295 915 2336 me
926 2276 1033 2336 dicere.
1075 2277 1219 2342 Quocirca
1231 2276 1346 2338 dabitur

261 2383 338 2425 erne
351 2385 437 2446 opere
450 2378 484 2427 ut
498 2368 529 2428 id
543 2389 631 2450 qnam
653 2369 865 2431 modestissime
885 2367 1009 2428 faciam:
1032 2367 1167 2446 quicquid
1186 2377 1281 2426 autem
1295 2387 1345 2428 res

258 2455 323 2540 ipsa
334 2459 431 2523 dicere
445 2463 582 2543 coegerit,
594 2465 679 2539 hujus
695 2463 750 2525 iste
772 2460 888 2543 culpam
901 2459 1001 2521 merito
1018 2460 1170 2521 sustinebit
1182 2461 1230 2541 qui
1243 2459 1344 2520 istius-

260 2550 337 2611 modi
347 2565 492 2615 certamen
507 2554 672 2617 instituerit.

299 2646 328 2702 3.
348 2645 478 2705 Arbitror
495 2658 600 2717 autem,
619 2646 745 2725 judices,
767 2666 819 2705 vos
843 2664 944 2707 ornnes
964 2646 1148 2708 confessuros
1161 2663 1342 2707 communem

259 2750 324 2792 esse
343 2734 418 2797 hanc
432 2756 551 2798 censam
572 2748 602 2799 et
618 2738 687 2799 mrlri
709 2748 740 2798 et
757 2739 950 2819 ctesiphonti,
963 2758 1057 2819 neque
1070 2738 1172 2797 minori
1193 2738 1221 2797 in
1243 2739 1298 2799 hac
1312 2760 1342 2800 re

258 2823 329 2882 mihi
339 2845 410 2903 opus
423 2849 486 2889 esse
500 2831 606 2891 studio.
646 2830 724 2890 Nem
738 2852 804 2891 cum
818 2851 991 2911 quacunque
1005 2852 1035 2891 re
1049 2830 1152 2909 privari
1165 2850 1252 2909 grave
1264 2831 1301 2891 s'it
1314 2842 1344 2891 et

257 2917 403 2987 acerbum,
424 2921 460 2978 ab
482 2921 597 2982 inimico
609 2922 786 3001 praesertim
806 2934 868 2983 tum
889 2942 957 2984 vero
976 2922 1178 2983 benevolentia
1195 2934 1292 2983 vestra
1313 2933 1343 2983 et

257 3002 437 3096 humanitate
450 3012 561 3084 mederi
575 3024 657 3073 tanto
670 3024 711 3073 est
723 3016 945 3091 molestissimum,
954 3027 1064 3097 quanto
1073 3014 1191 3075 easdem
1205 3017 1342 3094 consequi

257 3110 303 3161 est
313 3098 533 3179 amplissimum.
575 3106 648 3165 Cum
662 3107 701 3167 sit
713 3108 799 3189 igitur
808 3108 887 3171 hisce
897 3110 1029 3171 derebus
1039 3107 1186 3169 contentio
1198 3107 1340 3179 instituta,

258 3210 310 3250 vos
323 3212 424 3252 omnes
437 3212 489 3252 oro
503 3202 589 3271 atque
601 3199 738 3273 obtestor,
751 3216 785 3260 ut
807 3221 854 3261 me
873 3222 954 3281 reque
967 3203 1129 3281 pariterque
1149 3199 1275 3259 audistis
1288 3198 1341 3259 cri·

259 3284 382 3344 minibus
404 3286 434 3343 in
453 3306 494 3343 me
517 3286 609 3343 ollulis
626 3287 704 3363 juste
726 3294 961 3371 respondentem,
975 3292 1121 3372 quomodo
1134 3293 1214 3369 leges
1223 3292 1339 3367 jubent,

256 3395 330 3453 quas
344 3376 393 3455 qui
407 3397 425 3436 n
438 3376 578 3455 principio
592 3376 661 3435 tulit
672 3377 772 3451 Solon,
785 3385 827 3443 vir
840 3387 927 3445 vestri
945 3404 1047 3447 amans
1060 3404 1096 3443 ac
1110 3382 1268 3462 popularis,
1281 3402 1337 3441 uon

258 3468 466 3545 perscriptione
487 3480 600 3528 tantum
614 3478 690 3528 rates
708 3488 774 3529 esse
787 3474 900 3530 censuit
912 3487 1054 3551 oportere,
1074 3475 1169 3534 sedet
1182 3484 1277 3535 vestro
1291 3474 1340 3553 qui

252 3556 368 3635 judices
378 3559 447 3617 estis
456 3561 644 3639 jurejurando
657 3562 802 3629 firmatasr
825 3583 883 3622 non
900 3565 981 3641 quod
992 3569 1085 3640 vobis,
1096 3578 1129 3626 ut
1140 3568 1209 3626 mihi
1222 3567 1339 3645 quidem

256 3648 379 3721 videtur,
393 3649 543 3723 diffideret,
568 3652 619 3713 sed
640 3655 776 3732 quoniam
792 3656 986 3735 perspiciebat
1005 3659 1216 3719 criminationes
1240 3670 1270 3719 et
1288 3680 1338 3720 ca·

256 3739 379 3799 lumnias
390 3760 449 3814 eas,
462 3744 567 3819 quibus
587 3755 739 3805 accusator
752 3744 831 3825 quod
844 3746 966 3824 priorem
978 3748 1093 3809 dicendi
1105 3751 1202 3810 locum
1215 3752 1339 3811 obtinuit

256 3832 385 3911 superior
405 3844 461 3903 est,
474 3850 525 3893 reo
544 3846 720 3899 antevertere
743 3847 770 3895 et
784 3837 888 3897 viscere
902 3859 959 3899 nou
976 3840 1072 3915 licere,
1085 3841 1139 3901 nisi
1156 3843 1278 3922 quisque
1289 3866 1337 3905 ve·

172 3936 177 3947 ⁴
254 3934 347 3984 strum
365 3926 414 4003 qui
429 3924 544 4005 judices
565 3928 679 3998 sedetis,
701 3929 821 3988 deorum
843 3931 1044 3992 immortalium
1063 3934 1200 4011 religione
1214 3946 1338 4009 servate,

255 4026 316 4076 tom
330 4016 454 4097 ejusqui
467 4019 623 4097 posteriore
641 4020 706 4079 loco
729 4022 809 4080 dicat
828 4026 1043 4087 excusationem
1053 4026 1192 4087 benevole
1205 4027 1337 4106 accipiet,

253 4118 315 4167 tum
327 4120 517 4190 posteaquam
537 4132 569 4172 se
590 4131 688 4193 parem
708 4134 946 4194 communemque
961 4118 1073 4196 utrique
1088 4119 1336 4197 prebueriteudi-

255 4202 358 4271 toram,
367 4204 409 4263 ita
420 4204 538 4264 demum
548 4206 586 4266 de
596 4206 731 4268 universa
743 4207 792 4267 lite
801 4208 941 4287 judicium
956 4212 1037 4274 leret.

294 4298 324 4350 4.
344 4291 453 4355 Verum
472 4300 591 4379 qnando
611 4300 679 4359 mihi
699 4300 840 4362 hodierno
860 4303 917 4375 die,
931 4306 973 4363 uti
987 4305 1109 4377 videtur,
1122 4318 1153 4367 et
1164 4305 1253 4367 mdiu
1266 4307 1335 4369 vilse

254 4378 384 4461 priuatim
398 4402 472 4450 autre
485 4404 515 4452 et
527 4412 619 4455 serum
633 4395 749 4473 publice
762 4406 907 4475 gestarum
928 4396 1076 4459 reddenda
1090 4399 1163 4459 ratio
1175 4408 1231 4473 est,
1237 4399 1338 4478 places
