2934 5000
270 278 330 346 res
522 283 695 348 contet
715 271 1121 366 internetionem.

268 532 377 602 ferunt,
390 542 422 594 et
433 541 512 592 recte
525 531 607 592 fient.
628 532 677 591 Ad
688 533 814 593 eundem
827 533 915 611 igitur
924 531 1004 592 hune
1017 533 1136 592 modurn
1149 545 1182 592 et
1193 552 1259 602 ros,
1268 532 1374 590 Athe-

268 623 394 694 nienses,
407 623 439 682 in
453 625 524 683 urbe
531 621 680 697 habitetis,
693 634 887 703 cognatorum
900 623 1002 698 instet,
1013 635 1102 704 atque
1114 625 1298 684 humaniter:
1321 621 1376 681 alii

174 759 179 770 .
270 715 313 774 sic
326 714 524 794 adspicientes
536 715 773 775 calamitosorum
788 714 876 788 mele,
889 724 932 788 ut,
940 715 1019 794 quod
1032 713 1183 796 prouerbio
1195 711 1317 784 dicitur,
1328 713 1376 771 vi·

270 805 376 866 dentes
386 824 445 865 nou
459 805 594 876 videntis,
610 816 642 867 et
654 805 807 867 audientes
818 826 878 866 non
891 807 1028 880 audiatis,
1037 805 1081 865 illi
1093 805 1135 864 ita
1147 824 1184 864 ea
1197 815 1292 882 egent
1301 825 1376 883 quse

270 897 392 970 faciunt,
402 907 437 956 ut
446 915 497 956 eos
511 909 652 977 epperest
663 917 766 958 cavere
779 909 811 958 ct
823 897 1023 960 verecundari.
1046 896 1125 956 Hinc
1139 895 1305 956 communis
1318 896 1377 954 illa

271 999 302 1048 et
313 991 442 1049 omnium
454 991 600 1048 bonorum
616 1008 706 1050 caure
720 989 889 1069 reipublice:
904 1000 1004 1049 menet
1018 999 1049 1050 et
1063 998 1180 1048 coenet
1198 988 1376 1048 concordie.

272 1081 347 1141 Herc
362 1081 522 1160 Aristogito
535 1081 611 1140 udeo
624 1080 765 1160 preclare
778 1081 837 1141 fixa
849 1092 964 1154 natura,
973 1091 1004 1140 et
1015 1080 1154 1141 institutis
1168 1080 1287 1150 vestris,
1298 1099 1375 1138 corr·

270 1171 363 1244 vellit,
376 1171 463 1242 eruit,
476 1172 598 1242 evertit:
620 1184 650 1231 et
670 1191 737 1250 qum
757 1191 858 1232 omnes
872 1173 921 1232 elii
935 1171 1100 1232 calamitosi
1114 1173 1227 1250 absque
1245 1173 1375 1250 strepitu

272 1263 393 1336 leniunt,
402 1283 438 1324 ea
451 1265 477 1323 is
490 1273 604 1324 tantum
617 1282 676 1322 non
689 1263 765 1323 nolis
776 1263 927 1343 suspensis
939 1264 1065 1343 peragit.
1088 1263 1157 1322 Non
1171 1275 1303 1336 senator,
1311 1283 1376 1324 non

271 1349 383 1438 pr'aeco,
395 1377 456 1418 non
469 1376 590 1436 preses,
603 1375 664 1416 non
682 1356 843 1436 presidens
865 1357 958 1416 tribus
970 1376 1038 1417 eum
1051 1375 1185 1417 coercere
1197 1367 1309 1436 potest.
1343 1359 1377 1416 Si

273 1449 341 1528 quis
355 1449 441 1528 igitur
449 1459 580 1508 restrum
587 1447 655 1526 ejus
668 1446 829 1526 petulantie
842 1445 980 1520 offensus,
995 1467 1063 1508 eum
1078 1449 1148 1508 talia
1161 1459 1193 1508 et
1205 1449 1279 1508 talia
1294 1450 1378 1508 dicat

269 1559 374 1618 ‘egere
392 1560 457 1600 cum
472 1540 579 1610 debeat
591 1540 703 1610 cereno,
723 1538 796 1618 quid
811 1558 891 1612 vero,
912 1559 1009 1598 nonne
1022 1550 1054 1598 et
1072 1539 1133 1610 ille,
1146 1540 1250 1618 inquit,
1269 1543 1377 1604 errario

275 1633 387 1696 debet?
409 1635 449 1694 Et
460 1635 576 1696 hostem
589 1633 713 1712 quisque
726 1651 811 1692 suum
826 1632 967 1692 nominet.
988 1632 1087 1699 Quare
1100 1632 1273 1711 improbitas
1289 1633 1376 1694 istius

276 1746 370 1792 cause
381 1738 429 1787 est
441 1726 672 1799 meledictcrum,
686 1743 753 1804 que
767 1709 884 1806 propter
898 1724 987 1786 istum
1004 1723 1040 1783 iis
1053 1723 1139 1796 liunt,
1151 1723 1204 1803 qui
1217 1735 1293 1784 sunt
1311 1726 1376 1804 ejus

274 1819 444 1880 dissimiles.

316 1915 366 1972 ct.
388 1900 546 1990 Rebosmn
555 1912 709 1990 igiturest,
722 1911 928 1985 Athenienses,
939 1912 974 1972 iis
985 1911 1034 1990 qui
1045 1913 1101 1972 isto
1111 1911 1228 1973 liberari
1241 1911 1377 1992 eupiunt,

275 2014 310 2064 ut
324 2003 389 2064 freti
406 2002 666 2082 legnrmexemplo
683 2003 840 2082 perspicuo
858 2015 889 2064 et
907 2004 1010 2064 illustri
1029 2003 1162 2075 menime,
1182 2003 1290 2084 capitis
1308 2025 1377 2064 eom

275 2093 480 2163 condemnent,
492 2105 545 2152 eut
557 2103 642 2153 tanta
657 2095 783 2174 pecunia
797 2094 950 2166 mulctent,
965 2103 1105 2174 quantam
1119 2093 1234 2156 solvere
1247 2113 1310 2156 non
1323 2117 1376 2176 po

247 2251 251 2256 ,
275 2187 355 2247 terit.
375 2185 468 2249 Aliter
478 2187 555 2247 enim
566 2187 661 2270 quieti
671 2206 722 2265 per
737 2207 804 2247 eum
818 2207 883 2246 esse
899 2206 958 2246 non
967 2188 1111 2267 poteritis,
1120 2187 1151 2246 id
1164 2197 1248 2248 certo
1258 2191 1378 2250 scitote,

276 2277 405 2349 Etenimr
420 2277 624 2348 Athenionem,
638 2280 814 2357 reliquorum
823 2278 974 2338 hominum
988 2277 1110 2338 ridentis
1124 2279 1252 2358 optimos
1267 2292 1300 2342 et
1313 2301 1377 2340 mo-

278 2369 460 2432 destissimos
470 2378 581 2430 nutura:
593 2369 744 2440 instinctu,
759 2371 838 2429 omni
847 2369 924 2430 ultro
939 2370 1022 2448 fungi
1036 2370 1151 2430 officio:
1172 2371 1246 2430 ulios
1260 2373 1308 2432 his
1323 2373 1379 2432 de-

275 2463 397 2525 teriores
410 2480 470 2523 nou
489 2461 566 2523 adeo
580 2471 690 2535 temen,
703 2471 739 2523 ut
752 2461 872 2522 nimium
886 2470 1028 2523 vocentur
1041 2461 1173 2542 improbi,
1188 2473 1269 2523 metu
1285 2466 1377 2527 vestri
1458 2494 1459 2545 3

198 2630 201 2636 Ι
276 2556 460 2636 turpiumque
471 2566 502 2615 et
510 2556 665 2616 verborum
678 2564 709 2615 et
717 2556 889 2635 probrorum
899 2554 1012 2627 dolore,
1024 2572 1127 2633 cerere
1135 2574 1172 2613 ne
1182 2554 1376 2634 delinquunt:

275 2638 505 2727 improbissimos
520 2647 628 2718 luteum
646 2657 678 2706 et
697 2665 772 2724 quos
790 2646 959 2725 deploratos
977 2645 1140 2717 nominent,
1158 2646 1377 2711 calamitatibus:

277 2737 464 2819 etsuppliciis
473 2736 580 2807 erudiri
589 2736 700 2799 dicunt.
722 2740 763 2797 At
770 2736 930 2817 Aristogito
938 2736 1076 2797 mortales
1084 2756 1188 2799 omns
1198 2758 1293 2817 usque
1301 2741 1379 2801 eden

277 2830 462 2909 improbitate
484 2839 616 2907 superat,
628 2838 663 2887 ut
676 2848 732 2889 nec
753 2829 882 2907 receptis
904 2828 986 2888 malis
1007 2828 1046 2887 sit
1066 2827 1162 2889 iactus
1184 2831 1377 2905 emendatior,

276 2921 375 2980 sedin
388 2920 491 2980 iisdem
504 2920 665 2979 sceleribus
674 2930 706 2979 et
717 2920 828 3011 iniuriis
844 2920 941 2981 denuo
950 2920 1161 3000 deprehensum.
1181 2921 1278 2985 'lauto
1288 2924 1378 3005 igitur

278 3029 360 3069 nuuc
371 3011 398 3070 ei
411 3010 527 3088 gravius
540 3029 628 3087 quam
642 3010 711 3069 olim
723 3020 769 3071 est
782 3010 976 3082 irascendum,
990 3011 1071 3089 quod
1088 3022 1151 3073 turn
1164 3012 1287 3077 decreta
1300 3017 1376 3077 dun·

277 3110 361 3163 texet
372 3100 518 3163 cornaria
529 3100 644 3179 legibus
654 3101 790 3165 leciende
803 3120 869 3163 esse
883 3096 1023 3182 putabet:
1039 3122 1119 3163 nunc
1132 3124 1202 3167 vero
1215 3104 1279 3167 brec
1294 3108 1375 3179 iecit,

280 3192 460 3260 criminatur,
480 3191 510 3249 in
523 3192 666 3251 concione
679 3192 827 3256 orationes
840 3193 931 3255 hebet
945 3194 983 3253 ed
1001 3193 1154 3275 populum,
1174 3196 1380 3275 calumniatur,

262 3284 365 3345 ducit
376 3282 407 3342 in
419 3302 578 3355 carcerem,
592 3283 751 3353 maledicit,
767 3284 871 3363 cepitis
883 3286 1015 3356 arcessit,
1034 3287 1113 3347 lesa
1131 3290 1295 3363 mejestatis
1311 3312 1378 3353 reos

279 3376 352 3455 agit,
366 3374 397 3436 iu
406 3376 539 3437 homines
552 3375 709 3438 honorstos
722 3376 877 3447 invehitur,
892 3396 960 3437 cum
975 3378 1038 3457 ipse
1052 3378 1154 3439 :erario
1168 3379 1285 3441 debent.
1308 3384 1378 3452 Quo

278 3466 352 3527 nihil
374 3478 422 3528 est
442 3467 600 3546 indignius.
636 3468 681 3527 Ac
708 3468 867 3529 admonere
886 3468 1005 3549 quidem
1025 3469 1111 3532 istum
1134 3471 1255 3533 insanin
1277 3474 1377 3537 luerit.

280 3558 340 3625 Qui
353 3556 441 3617 enim
450 3558 635 3629 tumultibus,
649 3559 754 3636 quibus
769 3558 923 3621 universus
942 3561 1067 3641 populus
1085 3562 1139 3622 sibi
1152 3564 1291 3626 molestos
1314 3588 1378 3627 nro-

279 3667 352 3708 nere
366 3648 453 3721 solet,
473 3669 624 3726 nunquem
636 3651 737 3720 cessit,
760 3670 854 3730 neque
868 3662 1031 3713 commotus
1045 3663 1100 3724 est,
1115 3654 1139 3713 is
1159 3656 1244 3715 unius
1262 3658 1379 3719 scilicet

280 3738 406 3799 hominis
420 3739 555 3799 oratione
563 3741 750 3801 movebiturl
771 3744 948 3817 lnsanabile,
962 3744 1167 3819 Athenienses,
1180 3749 1258 3809 illiue
1277 3762 1325 3811 est
1337 3754 1378 3812 in-

281 3830 413 3915 genium,
430 3830 557 3908 Oportet
570 3830 668 3910 igitur,
681 3845 716 3892 ut
728 3834 834 3897 medici
848 3855 998 3911 cancrum,
1012 3846 1064 3897 aut
1076 3838 1161 3899 ulcus
1175 3841 1313 3917 erodern,
1325 3857 1379 3907 aut

280 3923 360 3983 eliud
374 3940 491 4001 prorsus
505 3921 718 3983 immedicabile
731 3926 853 3997 malum,
864 3937 916 3988 aut
928 3921 1028 4004 urunt,
1040 3940 1092 3990 aut
1102 3943 1238 3993 resecant
1250 3938 1378 4016 penitus,

280 4014 322 4073 ita
333 4034 386 4073 vos
398 4032 501 4073 omnes
513 4012 591 4077 lrenc
603 4014 731 4075 bellunm
746 4019 947 4091 exterminare,
960 4020 1065 4099 ejicere
1078 4040 1095 4081 e
1109 4023 1237 4097 civitate,
1248 4026 1348 4087 tollere
1359 4050 1378 4089 e

282 4104 392 4183 medio,
410 4123 467 4168 nec
489 4124 525 4163 eo
543 4124 636 4185 usque
659 4118 830 4185 exspectare
847 4110 974 4183 debetis,
994 4111 1065 4170 dum
1086 4114 1237 4192 accipiatis
1256 4118 1378 4191 malum,

282 4194 362 4273 quod
376 4195 462 4267 absit,
475 4204 509 4253 ut
521 4197 560 4255 sit
572 4197 739 4276 reipublice
752 4200 958 4276 perniciosum,
967 4202 1021 4261 sed
1032 4214 1144 4265 mature
1153 4208 1377 4285 precavendum

282 4295 338 4343 est.
363 4286 413 4347 Sic
427 4284 506 4348 enim
520 4288 713 4359 considerate,
726 4290 871 4351 neminem
891 4294 1015 4353 fortene
1028 4305 1156 4357 vestrum
1171 4317 1299 4377 unquam
1315 4322 1376 4361 eer-

283 4394 359 4453 pens
383 4374 548 4450 momurtfit,
568 4390 620 4440 aut
640 4399 776 4451 craneus,
799 4392 830 4445 et
851 4383 928 4445 obsit
948 4396 982 4445 ut
1004 4404 1135 4465 unquem
1157 4390 1303 4453 mordent:
1325 4396 1379 4453 sed
