2934 5000
246 263 303 322 2⁷2
473 255 530 317 DE
550 253 675 318 MAlAE
695 243 831 318 unsri
851 253 1102 317 OEGATIONE.

242 416 317 488 ierit,
359 412 462 494 Neque
483 413 553 475 mihi
575 413 675 476 terrori
697 423 744 473 cst
766 412 931 493 Philippus,
942 412 1033 486 siros
1046 409 1111 470 sani
1129 407 1203 478 sitis,
1216 406 1273 468 sed
1285 407 1316 468 si
1330 426 1355 467 a

242 508 325 568 robis
337 505 496 587 impunitas
509 515 687 586 proponetur
701 505 747 576 iis,
760 504 811 584 qui
834 504 876 563 illi
897 503 1033 564 mercede
1050 499 1157 561 seruire
1177 519 1238 558 non
1257 517 1352 558 recu·

245 611 321 669 unt,
336 601 361 660 si
384 600 441 660 illis
462 599 580 678 quidam
599 599 872 678 patrocinabuntur,
886 598 994 676 quibus
1007 615 1061 655 ros
1075 595 1165 654 fidem
1176 593 1303 663 habetis,
1318 591 1349 652 si

138 704 140 708 ’
246 693 330 770 liqui
341 691 420 754 omni
434 691 582 770 superiore
595 701 725 769 tempore
746 698 890 767 negaram
911 709 945 748 se
967 706 1085 748 causam
1104 685 1234 764 Philippi
1246 703 1349 763 agere,

247 795 328 845 nuuc
347 791 520 862 suggestum
538 782 757 842 conscendent:
777 780 842 840 hoec
866 779 936 839 mihi
957 780 1059 838 terrori
1080 790 1159 838 suna
1200 775 1279 835 Nam
1294 794 1352 834 cur

249 877 379 946 tandem,
394 875 520 946 Eubule,
535 874 695 952 Hagesileo
709 893 770 945 reo,
783 873 833 954 qui
846 873 1039 933 consobrinus
1056 881 1126 930 tuns
1139 879 1196 941 est,
1209 878 1241 928 et
1253 867 1350 926 'lbra-

249 969 353 1049 sybulo
373 967 484 1027 dudum
509 967 637 1026 Nicerati
658 966 813 1038 avunculo,
830 985 900 1026 cum
923 965 1015 1044 prima
1036 962 1181 1041 suffragia·
1193 962 1350 1028 terrenum,

250 1061 411 1122 advocatus
424 1077 501 1131 esse,
511 1078 579 1118 cum
592 1059 722 1132 citarere,
733 1059 861 1129 noluisti,
875 1057 957 1118 etad
970 1056 1030 1116 litis
1043 1055 1268 1116 estimationem
1279 1071 1352 1130 pro-

251 1169 380 1232 gressus,
395 1170 448 1210 nec
470 1170 525 1230 pro
545 1151 661 1211 illorum
681 1153 853 1212 defensione
875 1149 972 1209 dixisti
992 1148 1161 1229 quicquam,
1184 1156 1217 1205 et
1231 1144 1352 1223 jndices

251 1253 389 1324 precatus
403 1262 445 1314 es,
459 1253 492 1302 ut
501 1244 625 1304 'reniam
638 1244 690 1304 tibi
710 1243 833 1303 darem:
854 1243 942 1312 itane,
956 1261 1024 1300 cum
1037 1236 1203 1300 horninibus
1215 1235 1352 1314 cognatis

237 1345 284 1394 'et
294 1334 465 1394 necessariis
479 1352 538 1393 non
559 1334 760 1414 patrocineris,
779 1332 910 1392 Eschini
932 1328 1180 1411 patrocinaberis?
1200 1327 1352 1396 Quicum

252 1424 411 1506 Aristopho
425 1445 507 1484 reum
521 1435 621 1501 ageret
635 1424 830 1495 Philonicum,
839 1409 870 1481 ei
882 1443 934 1501 per
947 1422 1096 1481 illumtua
1107 1431 1175 1479 acta
1185 1429 1352 1484 accusaret.

253 1535 393 1578 unacum
406 1515 456 1575 illo
469 1525 500 1574 te
512 1516 682 1586 accusabat,
695 1525 726 1572 et
750 1514 779 1572 in
800 1513 981 1572 inimicorum
995 1525 1113 1573 tuorum
1125 1510 1274 1571 subselliis
1287 1509 1354 1570 rcr-

205 1617 207 1620 ’
254 1612 389 1678 sabaium
409 1617 566 1686 postquam
578 1617 677 1666 sutem
697 1616 767 1685 post
778 1605 852 1664 istos
867 1603 997 1664 oratione
1010 1604 1112 1663 habita
1123 1603 1288 1673 affirmasti,
1302 1613 1354 1661 ant

250 1703 312 1782 jam
324 1703 356 1758 in
370 1695 513 1757 Piraeeum
527 1716 594 1756 esse
607 1695 856 1768 descendendum,
870 1707 902 1754 et
913 1695 1068 1773 pecuniam
1078 1693 1301 1765 conferendam,
1323 1707 1353 1753 et

249 1789 428 1870 'theatralem
449 1788 480 1846 in
502 1787 655 1846 militarem
678 1787 916 1856 convertendam,
941 1798 993 1848 aut
1010 1787 1145 1867 jubenda
1155 1807 1223 1864 quas
1244 1798 1279 1848 et
1298 1787 1355 1847 iste

256 1881 436 1949 defenderat,
454 1887 486 1936 et
496 1877 623 1936 nefarius
645 1876 827 1937 Philocrates
842 1877 1021 1950 decreverat,
1033 1879 1114 1937 unde
1126 1879 1239 1937 factum
1252 1889 1308 1950 est,
1321 1890 1357 1939 ut

256 1993 310 2053 pro
321 1972 447 2030 honesta
460 1989 533 2048 pace
551 1988 609 2048 pax
622 1969 713 2047 turpis
728 1968 821 2041 fieret,
836 1979 992 2050 postquam
1006 1970 1094 2048 igitur
1108 1970 1356 2050 isti,‘perpetratis

257 2074 361 2145 postea
375 2061 532 2122 sceleribus
547 2062 643 2121 omnia
656 2062 855 2141 perdiderunt,
869 2075 933 2123 tum
954 2064 1072 2126 demum
1094 2063 1125 2122 ia
1138 2065 1262 2142 gratiam
1280 2067 1357 2126 redi-

256 2155 328 2216 istit
349 2155 425 2212 Cum
439 2171 491 2232 pro
513 2151 652 2212 concione
676 2152 842 2234 Philippum
856 2154 1020 2228 insecteris,
1034 2165 1066 2214 et
1086 2174 1138 2235 per
1157 2155 1265 2217 liberos
1287 2167 1357 2218 tuos

252 2247 372 2328 juraris,
392 2244 575 2305 hauddubie
599 2245 759 2324 periturum
782 2245 960 2328 Phil'ppum,
983 2248 1008 2306 si
1031 2247 1257 2326 populusrelit:
1275 2269 1358 2311 nanc
1450 2267 1458 2294 t

256 2339 307 2400 isti
321 2337 528 2419 opitulaberisl
550 2331 609 2404 Qui
619 2337 726 2416 peribit
737 2336 836 2417 igitar,
848 2338 874 2398 si
884 2357 936 2398 eos
949 2357 1024 2416 quos
1038 2339 1088 2399 ille
1098 2342 1253 2419 corrumpit
1264 2340 1359 2420 largi·

258 2431 397 2505 tionibus,
413 2439 445 2489 tu
456 2425 600 2488 serrarisi
622 2427 699 2486 Nam
712 2447 765 2488 cur
777 2429 896 2489 tandem
918 2430 1081 2511 Myroclem
1094 2434 1261 2505 accusabas,
1272 2434 1361 2511 qnod

258 2544 278 2583 a
291 2522 411 2601 singulis
425 2540 524 2581 eorum
538 2519 590 2598 qui
603 2518 721 2578 metalla
732 2519 924 2594 redemerant,
938 2523 1054 2583 vicenas
1069 2524 1225 2584 drachmas
1238 2527 1361 2604 exegis-

260 2615 327 2675 set?
348 2616 410 2672 Cur
424 2610 692 2691 Cephiaophontem
706 2612 852 2691 sacrilegii
864 2632 947 2675 mum
960 2616 1080 2695 agebas,
1092 2616 1174 2693 quod
1181 2616 1277 2676 triduo
1289 2632 1360 2696 post

259 2714 367 2765 statam
378 2704 455 2763 diam
465 2712 576 2781 septem
589 2703 683 2761 minas
696 2704 896 2764 numerasset?
917 2704 979 2766 Eos
990 2725 1059 2765 vero
1071 2706 1123 2785 qui
1134 2706 1256 2781 babent,
1265 2708 1360 2768 famn-

260 2810 319 2863 tur,
342 2794 465 2855 convicti
491 2804 571 2866 sunt,
591 2793 748 2871 palamque
769 2793 942 2873 deprehensi
964 2798 1067 2858 fecisse
1090 2798 1140 2858 illa
1160 2800 1191 2860 iu
1213 2801 1361 2863 sociorum

260 2885 429 2963 perniciem,
446 2903 496 2943 eos
510 2903 570 2943 non
581 2884 668 2943 modo
682 2904 742 2947 non
755 2904 890 2958 aoeusas,
900 2888 951 2947 sed
965 2899 996 2947 at
1009 2890 1117 2951 serrari
1126 2892 1238 2968 jubes?

304 2979 353 3036 82.
376 2977 466 3055 Atqui
484 2976 550 3035 haec
572 2995 637 3037 esse
659 2976 861 3052 formidabilia,
874 2988 905 3037 et
918 2998 1055 3058 magnam
1067 2982 1213 3061 requirere
1233 2985 1361 3063 prudsu.

262 3072 334 3132 liam
348 3080 379 3133 et
390 3070 566 3140 cauhonem,
578 3087 614 3129 ea
628 3087 707 3141 vero,
722 3087 846 3147 quornm
856 3080 891 3129 tu
901 3070 967 3132 illos
981 3074 1139 3147 accusasti,
1147 3073 1281 3149 ridicula,
1290 3066 1362 3139 inde

262 3164 453 3244 perspicietis.
496 3160 664 3225 Fueruntne
678 3160 764 3223 Elide
777 3161 896 3240 quidam
909 3162 1003 3222 aradi
1016 3164 1260 3243 depeculatoresl
1288 3168 1362 3229 Om-

262 3257 332 3317 nino
351 3254 501 3335 probabile
522 3264 569 3313 est
589 3253 693 3313 subse.
732 3254 780 3320 An
793 3254 1025 3333 veroquisquam
1038 3277 1137 3317 eorum
1157 3262 1364 3339 auctor,adju·

264 3361 347 3408 torre
361 3350 417 3409 fuit
428 3344 590 3425 abrogandi
609 3354 704 3407 status
723 3344 896 3424 popularis?
924 3345 1043 3409 Nullus.
1083 3350 1187 3415 Quid?
1207 3352 1365 3413 fueruntne

267 3440 398 3521 Olyntho
412 3438 550 3499 incolumi
574 3436 622 3496 alii
635 3436 757 3515 quidam
771 3436 867 3498 talesl
904 3436 1059 3516 Equidem,
1069 3441 1182 3518 opinor.
1223 3443 1367 3522 Nuoqnid

264 3554 315 3613 psr
327 3534 399 3589 istos
412 3528 672 3609 periitOlynthusl
702 3528 780 3588 Non.
822 3527 902 3601 Quid
914 3528 1022 3607 igitur?
1056 3530 1190 3610 Megaris
1198 3552 1295 3595 nonae
1306 3554 1366 3614 pu·

264 3624 332 3683 sads
346 3620 469 3697 aliquem
483 3619 573 3677 fuisse
585 3618 792 3697 peculatorem,
806 3630 838 3680 st
848 3614 891 3691 'er
913 3622 1016 3681 aerario
1029 3624 1252 3703 sunipienteml
1292 3626 1366 3689 Non

266 3716 349 3777 aliter
362 3712 423 3773 fieri
436 3718 544 3789 potest,
557 3710 841 3789 palamque'lactnm
853 3723 912 3775 ast.
951 3714 1026 3784 Quis
1039 3715 1128 3796 igitur
1140 3718 1181 3777 ibi
1197 3720 1368 3781 auctorfnit

160 3808 163 3817 '
265 3826 372 3877 rerum,
388 3822 454 3884 quoe
465 3820 543 3861 nuno
557 3800 617 3863 illic
629 3803 820 3863 accideruntl
850 3804 946 3871 Nemo
959 3804 1073 3867 horum.
1095 3807 1208 3877 Quales
1221 3810 1318 3889 igitur,
1332 3822 1366 3872 et

266 3904 315 3988 qui
325 3895 468 3977 sunt,'qui
481 3904 565 3955 muta
577 3904 607 3952 et
619 3894 690 3953 antia
707 3893 837 3956 facinora
851 3896 1028 3977 designentl
1059 3900 1120 3966 Qui
1133 3918 1167 3960 ss
1177 3900 1283 3980 dignos
1297 3920 1367 3963 csso

266 4002 381 4076 putant,
395 3989 445 4071 qui
459 3986 587 4066 Philippi
598 3984 729 4064 hospites
749 3997 781 4047 et
793 3988 880 4055 amici
893 3990 1086 4071 appellendus,
1098 3993 1206 4071 quihus
1216 3994 1365 4055 exercitus

188 4148 192 4153 ,
266 4094 298 4145 et
310 4102 423 4146 summa
438 4098 531 4140 rerum
550 4076 720 4149 creduntur,
739 4078 789 4156 qui
809 4099 871 4157 prre
894 4101 927 4141 re
950 4081 1168 4152 mulu'tudinam
1187 4082 1367 4163 despiciunt.

266 4176 373 4237 Nonne
387 4172 517 4253 Megaris
531 4170 662 4237 Perilaus
681 4188 775 4249 nuper
797 4172 876 4251 apud
894 4182 1041 4244 mecenio·
1054 4194 1176 4236 oausam
1189 4176 1273 4250 dixit,
1283 4178 1368 4257 qnod

267 4266 307 4333 ad
327 4266 493 4345 Philippum
507 4263 645 4335 venisset,
666 4261 842 4326 Ptoeudorus
866 4275 966 4326 autem
987 4282 1160 4353 progressus
1182 4286 1235 4345 pru
1256 4286 1294 4331 eo
1313 4268 1370 4331 de·

264 4364 404 4440 praeatus
420 4367 477 4435 ast,
486 4366 517 4418 et
529 4374 646 4435 genem,
656 4362 687 4417 et
696 4354 813 4434 opibus,
827 4366 860 4418 et
868 4357 1041 4429 maturitate
1053 4356 1190 4443 princeps
1205 4357 1368 4444 Megaran.
