2934 5000
519 305 800 368 ‚bercoteria
1154 312 1209 374 175

120 458 247 521 viroset
256 457 397 537 majorem
405 460 599 538 pecuniarum
618 463 676 520 vim
695 459 918 540 consumpsisse}
932 477 992 538 pro.
1006 459 1104 522 studio
1115 459 1211 524 laudis

122 551 307 631 omniumque
319 551 490 634 Grmcorum
504 553 684 626 utilitatibus,
696 573 785 632 quam
798 553 894 613 catari
909 551 1211 639 Graecia.populi,pro

122 662 155 702 se
173 643 278 721 quique
291 643 510 722 impenderunt:
531 644 664 704 videbam
683 655 782 704 autem
801 644 967 724 Philippum
979 644 1071 716 illurn,
1086 635 1212 724 quocum

121 735 204 794 nobis
217 744 279 794 erat
291 744 447 807 certamen,
461 755 515 814 pro
526 736 646 814 imperio
664 755 698 794 ac
714 736 910 798 dominatione
924 734 1014 800 oculo⁴
1028 737 1083 796 sibi
1095 737 1212 812 euerso,

116 827 221 905 J'ugulo
244 827 414 898 confracto„
427 846 526 896 mauu,
552 846 634 885 crure
661 830 849 901 comminuto,
869 847 985 888 omnem
1010 849 1212 914 quamcunque

121 919 177 979 sihi
190 920 309 979 fortuna
320 919 409 979 vellet
419 919 545 997 corporis
556 919 667 978 auferre
677 931 799 998 partem,
812 919 896 979 facile
907 932 937 981 et
947 921 1069 980 libenter
1080 921 1213 1000 abjicere,

121 1021 154 1071 ut
166 1030 233 1072 cum
247 1031 283 1072 eo
297 1011 376 1089 quod
390 1020 513 1070 restaret
524 1010 665 1070 honorate
680 1021 710 1069 et
724 1011 847 1088 gloriose
860 1012 949 1070 vitam
963 1012 1136 1072 traduceret.
1160 1014 1215 1071 At·

119 1103 170 1181 qui
184 1122 221 1163 ne
234 1103 293 1163 boc
307 1103 425 1181 quidem
440 1102 594 1182 quisquam
609 1101 704 1161 dicere
718 1103 836 1173 audeat,
850 1103 960 1162 homini
975 1102 1064 1162 Pellae
1079 1105 1213 1177 educato,

119 1195 149 1252 in
163 1195 271 1275 oppido
285 1196 410 1255 obscuro
420 1204 490 1253 tunc
504 1194 641 1274 temporis
651 1213 686 1254 ac
700 1194 819 1272 pusillo,
834 1203 946 1254 tantam
960 1197 1048 1254 animi
1068 1198 1214 1276 magnitu-

119 1285 218 1348 dinem
237 1289 291 1347 rite
310 1287 422 1346 innasci
444 1285 585 1367 potuisse,
598 1299 631 1346 ut
645 1286 797 1364 imperium
813 1285 982 1346 Graecorum
996 1287 1216 1366 concupisceret

119 1362 209 1456 atque
218 1378 275 1437 boc
288 1378 318 1436 iu
328 1377 457 1438 animum
468 1378 618 1438 induceret
628 1397 637 1436 ι
658 1379 741 1438 vobis
749 1377 800 1455 qui
810 1378 1002 1437 Athenienses
1013 1378 1094 1448 estis,
1107 1379 1215 1456 quique

121 1467 252 1545 quotidie
261 1468 291 1525 in
302 1469 435 1528 omnibus
445 1477 476 1527 et
485 1469 674 1529 concionibus
683 1479 713 1528 et
721 1468 897 1547 spectaculis
908 1469 1050 1547 majorum
1057 1479 1216 1529 vestrorum

121 1569 311 1618 monumenta
324 1560 511 1631 contuemini,
524 1569 636 1620 tantam
648 1560 796 1637 ignaviam
810 1560 904 1618 inesse
919 1559 1076 1635 oportuisse,
1090 1570 1122 1618 ut
1132 1559 1216 1619 Grae-

120 1671 222 1712 corum
245 1651 406 1710 libertatem
427 1651 504 1709 ultro
527 1661 632 1728 sponte
656 1649 792 1708 dederitis
818 1648 962 1728 Philippo.
997 1649 1092 1710 Nemo
1113 1651 1219 1730 inquam

120 1745 186 1806 hac
199 1746 314 1806 dixerit
356 1745 511 1823 Reliquum
526 1729 618 1821 igitur
626 1753 690 1803 erat
707 1753 796 1820 atque
813 1741 891 1802 idem
912 1743 1116 1816 necessarium,
1136 1755 1170 1804 ut
1182 1745 1217 1806 iis

120 1840 256 1900 omnibus
266 1858 332 1918 qua
345 1838 394 1898 ille
407 1847 510 1898 contra
522 1855 574 1896 vos
584 1835 756 1896 moliebatur
765 1833 869 1914 injuria
881 1855 933 1894 vos
938 1835 1018 1914 juste
1029 1835 1217 1898 obsisteretis.

121 1933 201 2010 Ergo
213 1933 271 1991 boc
283 1929 404 2008 quidem
416 1928 567 1988 faciebatis
582 1929 619 1987 ab
631 1927 713 1988 initio
721 1947 784 1998 vos,
798 1937 831 1986 ut
842 1945 959 2006 equum
970 1937 1033 1986 erat
1043 1938 1074 1988 et
1083 1929 1217 2002 decebat,

119 2023 313 2082 decernebam
336 2031 434 2080 autem
456 2031 487 2079 et
500 2020 660 2080 suadebam
673 2038 731 2097 ego
754 2019 860 2095 quibus
884 2021 1062 2098 temporibus
1080 2021 1111 2079 in
1129 2041 1216 2101 repu-

121 2114 202 2174 blica
214 2114 359 2174 versabar.
380 2111 497 2172 Fateor.

162 2209 212 2262 22.
234 2205 275 2262 At
282 2203 352 2282 qmd
365 2221 412 2260 me
425 2203 522 2261 iacere
535 2201 721 2288 oportebat?
732 2203 774 2262 Te
789 2203 866 2260 enim
880 2203 974 2280 ipsum
982 2205 1044 2282 Jam
1058 2205 1214 2286 interrogo,

123 2297 237 2375 reliqua
256 2295 355 2354 omnia
376 2293 613 2383 pretermittens,
640 2292 846 2395 Amphipolim,
873 2293 1017 2372 Pydnam,
1045 2296 1217 2372 Potideearn,

124 2389 322 2453 Halonesum;
345 2385 414 2445 nihil
429 2384 531 2444 horum
546 2383 682 2443 memini:
706 2383 833 2442 Serrium
847 2403 915 2443 vero
928 2394 958 2443 et
968 2385 1107 2446 Doriscus
1116 2399 1146 2448 et
1160 2389 1217 2449 Pe·
1292 2412 1299 2422 ·

123 2480 236 2563 parethi
252 2478 440 2560 depopulatio
453 2488 485 2538 et
496 2495 677 2568 quaecunque
690 2475 747 2537 alia
760 2475 790 2535 id
805 2495 898 2563 genus
913 2475 1020 2537 civitati
1041 2477 1071 2537 in
1085 2479 1216 2559 injuriam

121 2573 272 2639 cesserint,
296 2592 332 2632 ne
352 2571 377 2630 si
391 2570 555 2631 exstiterint
577 2570 695 2647 quidem
710 2569 788 2629 novi.
820 2558 858 2628 El
877 2580 974 2629 tamen
997 2581 1029 2629 tu
1046 2592 1093 2633 me
1114 2572 1217 2635 horum

122 2665 396 2729 commemoratione
409 2662 572 2724 inimicitias
584 2662 655 2722 huic
671 2661 783 2741 populo
797 2663 961 2723 concitasse
976 2663 1083 2735 dixisti,
1097 2684 1163 2724 cum
1182 2685 1219 2727 ea

125 2781 191 2840 qum
206 2758 245 2819 ad
267 2758 322 2817 has
340 2777 386 2817 res
400 2755 547 2836 pertinent
569 2755 689 2814 decreta
706 2754 765 2814 sint
778 2753 889 2813 Eubuli
905 2764 934 2814 et
953 2754 1166 2859 Aristopbqntis
1189 2769 1220 2818 et

126 2852 282 2933 Diopithis,
295 2870 352 2909 non
365 2868 442 2917 mea,
453 2868 472 2907 o
485 2847 523 2907 ad
538 2846 696 2907 dicendum
709 2846 850 2924 quicquid
863 2847 913 2906 tibi
928 2846 1018 2907 libeat
1028 2848 1156 2907 omnium
1165 2848 1218 2908 ho-

125 2946 234 3005 miuum
252 2941 483 3031 promptissime!
506 2938 615 2999 Nihil
607 2940 696 3017 rgitur
715 2938 753 2997 de
773 2937 817 2996 bia
838 2958 916 2997 nunc
936 2940 1091 3017 quicquum
1101 2941 1218 3003 dicam.

125 3036 234 3095 Verum
247 3034 296 3092 ille
317 3052 367 3111 qur
358 3032 521 3090 Euboeam
536 3032 591 3090 sibi
603 3030 779 3090 vendicabat
801 3048 993 3109 aggeremque
1006 3030 1113 3090 Atticae
1127 3052 1219 3112 oppu-

125 3125 253 3207 gnandae
261 3124 438 3194 exstruebat
445 3141 552 3201 quique
561 3122 700 3201 Magoras
709 3123 829 3181 adortus
837 3131 882 3181 est
883 3122 1219 3201 ,etOreumoccupavit

125 3218 353 3292 Portbmumque
364 3213 475 3283 effodit,
486 3215 593 3292 quique
603 3213 785 3273 Philistidem
795 3214 884 3284 Oreo,
898 3214 1078 3273 Clitarchum
1089 3216 1217 3288 Eretriae,

125 3320 266 3390 ¹tyrannos
281 3307 426 3385 imposuit,
442 3306 549 3382 quique
571 3304 795 3384 Hellespontum
816 3308 871 3365 sub
892 3303 1029 3366 ditionem
1049 3322 1130 3365 suern
1151 3310 1219 3367 sub·

119 3402 227 3485 Junxit,
242 3410 272 3460 et
293 3398 466 3479 Byzantium
477 3396 604 3467 obsedit,
625 3396 730 3477 quique
746 3398 830 3457 urbes
851 3396 983 3455 Grreciae,
995 3396 1075 3459 alias.
1087 3397 1218 3462 subditus

124 3493 239 3565 evertit,
252 3492 281 3551 in
304 3492 377 3553 ulias
397 3490 513 3550 exsules
527 3488 654 3561 reduxit,
675 3492 777 3547 utrum
790 3489 816 3548 is
831 3490 880 3567 qui
893 3488 959 3569 haec
976 3490 1073 3549 omnia
1094 3494 1220 3569 patravit

125 3587 260 3667 injuriam
273 3583 343 3643 feeit
354 3593 385 3642 et
402 3580 643 3660 ioedera'dirupit
662 3590 694 3639 et
713 3598 815 3658 pacem
828 3580 956 3654 violavit,
976 3581 1087 3665 necne?
1112 3583 1218 3669 limum

100 3671 105 3679 ’
124 3698 211 3760 porro
226 3677 396 3745 Graecorum
409 3674 533 3752 aliquem
546 3673 649 3733 exoriri
663 3674 817 3753 oportebat
830 3672 879 3751 qui
893 3672 956 3733 hac
968 3694 1033 3755 eum
1045 3676 1139 3736 iacere
1150 3697 1217 3757 pro·

124 3772 247 3841 biberet,
260 3788 298 3827 an
319 3766 402 3827 non?
422 3766 500 3826 Nam
513 3768 538 3825 si
551 3784 610 3824 non
624 3766 787 3843 oportebat,
808 3766 878 3843 quin
897 3763 1041 3827 Graeciam
1064 3768 1217 3847 Mysorum

125 3882 213 3943 quam
225 3869 333 3921 vocant
346 3858 487 3939 praedam,
500 3856 664 3917 viventibus
678 3865 709 3916 et
720 3856 866 3915 stantibus
879 3856 1114 3931 Atheniensibus,
1128 3858 1219 3917 videri

125 3956 224 4028 decuit,
237 3968 484 4032 supervacaneam
496 3968 554 4029 ego
572 3968 691 4029 operam
710 3948 827 4027 suscepi
847 3968 913 4009 cum
927 3948 973 4009 his
987 3949 1025 4009 de
1044 3949 1130 4008 rebus
1144 3948 1216 4022 dixi,

125 4063 369 4128 supervacaneam
396 4062 515 4149 quoque
541 4042 641 4102 civitas
664 4060 732 4119 quoe
754 4040 876 4100 consilio
894 4058 960 4099 meo
979 4039 1084 4118 pa'ruit,
1094 4038 1219 4101 fuerint

126 4139 251 4220 denique
264 4137 374 4197 scelera
393 4136 490 4195 omnia
503 4144 533 4195 et
554 4144 649 4194 errata
671 4152 853 4215 quaecunque
874 4140 959 4210 gesta
979 4138 1048 4188 sunt
1067 4148 1147 4189 mea:
1170 4132 1215 4191 sin
1287 4151 1290 4160 ’

127 4242 222 4291 autem
236 4228 361 4309 aliquem
375 4248 439 4287 esse
453 4248 527 4308 opus
540 4236 604 4287 erat
613 4231 662 4305 qur
654 4225 735 4283 brac
746 4223 919 4302 prohiberet,
930 4240 1015 4301 quern
1029 4218 1116 4279 alium
1129 4242 1233 4303 quam

127 4324 270 4405 populum
280 4320 493 4381 Atheniensem
505 4320 596 4379 luisse
615 4316 828 4379 conveniebat?

134 4418 217 4479 ..23
240 4414 332 4474 ileo
326 4413 414 4522 igitur
425 4432 483 4491 ego
501 4422 562 4487 tum
575 4409 693 4487 publice
713 4410 859 4485 gerebam,
873 4414 981 4464 etcum
995 4403 1074 4481 illum
1087 4411 1215 4469 omnium
