2934 5000
262 301 320 360 ³02
573 289 795 356 ADVERSUS
817 291 1040 352 turrrttntu.

257 445 512 529 reprehendenda,¹
524 463 590 506 oum
601 445 798 510 demonstrsri
810 444 919 524 poterit
929 444 998 502 illos
1012 443 1096 504 vohis
1109 461 1174 504 ssse
1190 442 1366 505 feliciores:

259 537 398 618 quamdiu
420 547 518 598 sutem
533 555 584 598 vos
605 537 784 616 benignitate
805 538 927 600 deorum
947 534 1042 613 magis
1064 555 1155 613 quum
1171 534 1216 594 illi
1236 535 1365 606 floretis,

259 634 320 692 sive
331 648 500 692 communes
514 629 646 689 actiones
656 639 835 708 spectentur,
851 627 911 688 sire
925 628 1095 697 concordis,
1108 628 1171 688 sive
1181 638 1282 688 cetera
1293 648 1365 688 orn·

194 779 202 788 ,
258 723 319 793 nia,
327 732 397 799 'quoa
408 729 555 782 causaest
568 739 620 780 cur
630 721 733 781 vestris
747 719 888 780 institutis
900 720 1053 798 neglectis,
1062 718 1114 778 illo
1125 719 1365 797 persequamini!

260 813 340 872 Nem
353 813 469 872 tametsi
483 811 544 883 ille,
557 813 581 870 si
597 812 671 871 ratio
685 821 844 890 spectetur,
857 811 978 872 meliore
989 811 1169 883 viderentur,
1187 821 1220 869 st
1230 810 1364 874 formu

260 913 338 964 certe
351 915 454 972 cause,
468 913 556 980 quem
569 901 651 962 hisce
662 901 708 962 usi
719 902 872 982 propitiam
881 901 1033 972 habuistis,
1046 911 1145 962 nostra
1153 901 1278 962 retinere
1285 921 1362 962 oon-

257 995 404 1056 vsniebat.
426 993 515 1068 Quod
528 993 553 1054 si
566 991 680 1052 omissis
703 991 748 1050 his
763 992 898 1054 omnibus
912 990 943 1050 id
957 991 1113 1050 dicendum
1132 1001 1189 1060 cst,
1200 991 1289 1070 ‚quod
1307 992 1362 1068 ju·

262 1099 340 1148 stum
354 1105 420 1146 esse
433 1084 620 1154 arbitroque
633 1104 690 1162 ego
704 1083 836 1148 dixerim.
867 1084 937 1143 Non
951 1084 1067 1162 justum
1083 1093 1140 1154 est,
1154 1083 1364 1154 Athenienses)

261 1176 559 1246 moedoemoniomm,
580 1186 632 1234 aut
654 1174 864 1237 Thebanorum
887 1172 970 1260 leges
994 1171 1165 1251 predicere,
1186 1172 1227 1231 sd
1242 1183 1363 1234 nostras

258 1267 350 1328 hasce
372 1265 611 1326 labefactandae:
633 1279 729 1339 neque
743 1273 972 1334 consentsneum
990 1273 1047 1332 est,
1065 1281 1134 1320 cum
1153 1281 1221 1322 eum
1233 1263 1284 1340 qui
1300 1264 1363 1324 tale

259 1357 368 1433 aliquid
378 1355 457 1432 apud
467 1371 520 1412 nos
531 1351 754 1422 machinaretur,
765 1351 1053 1430 perqureillimagni
1063 1353 1362 1432 suntinteremptnm

260 1448 390 1514 velletis:
411 1463 515 1506 uocem
527 1455 625 1504 temen
647 1446 711 1520 ejus
730 1442 888 1516 sustinete,
902 1444 953 1522 qui
966 1463 1003 1504 es
1015 1443 1081 1506 tolli
1098 1454 1130 1506 et
1147 1447 1255 1508 eboleri
1263 1447 1361 1522 jubet,

260 1538 292 1597 in
306 1539 410 1616 quibus
420 1536 526 1616 Populi
541 1535 664 1596 t'elioites
679 1534 824 1596 consistit.

300 1632 351 1690 24.
374 1630 409 1688 ln
421 1637 557 1708 promptu
570 1627 626 1686 illis
640 1636 686 1686 est
699 1627 788 1686 etism
798 1626 857 1686 ulis
869 1627 955 1698 ratio,
968 1627 1049 1706 opud
1062 1647 1118 1688 nos
1131 1633 1274 1704 mqjorum
1283 1651 1360 1708 quo·

261 1736 319 1800 que
342 1731 507 1782 nostrorum
531 1719 708 1798 temporibus
728 1718 874 1797 quosdam
895 1717 1035 1797 preclare
1054 1737 1088 1778 se
1102 1721 1241 1797 gessisse,
1254 1722 1362 1799 quibus

225 1807 229 1816 ’
261 1815 320 1874 tale
334 1812 406 1874 nihil
420 1811 548 1870 delutum
572 1809 618 1882 sit,
634 1808 688 1870 sed
707 1819 759 1869 sos
772 1810 842 1870 boui
862 1804 1044 1871 consultiore
1064 1811 1283 1890 inscriptionem
1305 1813 1362 1872 ali·
1396 1805 1400 1811 ’

262 1925 350 1984 quum
364 1906 393 1964 in
404 1905 510 1964 statuis
524 1902 768 1964 Mercurielibus:
789 1912 820 1964 et
832 1903 958 1963 tortasse
967 1906 1049 1964 vobis
1064 1904 1193 1985 aliquem
1211 1907 1300 1966 talem
1311 1907 1361 1966 in·

262 1995 447 2073 scriptionem
475 1995 523 2054 αι’
533 1994 569 2054 iis
595 1993 741 2054 recitabit.
776 1993 841 2073 ugo
867 2011 948 2067 vero,
970 1996 1176 2070 Athenienses,
1193 1999 1292 2058 multis
1314 2000 1361 2060 ‘de

262 2089 359 2148 causis
378 2086 444 2146 brac
465 2084 630 2164 reipublice
643 2084 791 2156 inutiliter,
806 2097 896 2164 utque
916 2088 1005 2148 etiam
1028 2088 1147 2168 injuste,
1165 2089 1224 2150 dici
1240 2109 1358 2152 nemo.
1457 2162 1458 2165 Ἴ

263 2180 341 2238 Nam
354 2178 379 2238 si
393 2176 459 2256 quis
470 2175 535 2236 illos
549 2195 663 2254 quoque
676 2177 787 2236 honore
802 2177 939 2254 indiguos
951 2178 1042 2238 luisse
1056 2179 1172 2251 dixerit,
1185 2182 1274 2254 dicat,
1291 2183 1362 2260 quis
1457 2168 1458 2229 l

261 2272 369 2350 dignus
378 2269 434 2329 sit:
456 2267 494 2346 [si
504 2287 600 2344 neque
614 2277 681 2328 ente
694 2269 772 2339 illos,
782 2284 878 2346 neque
891 2279 959 2346 post
971 2271 1156 2350 quiqam]
1177 2275 1255 2350 quod
1267 2276 1293 2337 ,q
1304 2295 1361 2335 ω,

261 2363 368 2422 minem
381 2359 499 2420 omuino
515 2359 605 2432 dicet,
621 2357 760 2437 equidem
775 2359 854 2420 urbis
867 2369 977 2420 nostras
998 2361 1194 2424 vicemdoleo
1211 2366 1361 2425 neminem

259 2453 395 2517 omnibus
417 2449 533 2513 smerdis
556 2450 698 2511 beneficio
726 2451 849 2529 dignum
871 2451 1032 2514 exstitisse.
1068 2456 1111 2517 At
1133 2456 1159 2517 si
1183 2466 1358 2535 prestantes
1458 2498 1459 2524 t

259 2549 336 2609 viros
347 2564 400 2607 eos
414 2544 504 2603 luisse
525 2541 671 2613 fstebitur,
685 2553 714 2601 et
727 2543 801 2603 nihil
819 2553 919 2605 temen
939 2565 1006 2609 esse
1025 2558 1199 2612 momooms
1212 2551 1360 2623 ostendet,

259 2639 406 2699 ciuitatem
422 2635 522 2712 utique
536 2642 658 2693 acuum
674 2633 902 2712 ingratitudinis.
936 2636 1099 2701 Plurimum
1116 2655 1187 2701 vero
1207 2643 1300 2711 obest,
1322 2654 1360 2703 ut
1458 2669 1459 2680 κ

260 2730 328 2789 hmo
336 2730 377 2789 ita
388 2728 466 2787 sint:
489 2725 542 2785 sod
555 2726 581 2785 si
594 2724 660 2803 quis
674 2726 819 2801 malitiose
832 2747 868 2790 nc
881 2729 1083 2792 fraudulenter
1093 2734 1254 2793 orationem
1267 2735 1298 2793 in
1309 2754 1359 2797 res

261 2841 320 2881 non
339 2819 544 2881 conuenientes
558 2818 749 2891 transtulerit,
768 2820 853 2881 aliter
871 2822 1153 2899 profecturorum
1166 2836 1275 2904 potest,
1286 2826 1358 2905 q'uin

260 2930 297 2971 ea
308 2910 433 2969 molesto
445 2917 476 2967 et
488 2908 616 2967 absurda
634 2908 779 2972 videatur·
810 2910 875 2989 Ego
889 2929 968 2984 vero,
982 2916 1064 2993 quod
1077 2936 1196 2995 aequum
1214 2929 1246 2977 et
1258 2936 1358 2979 rerum

260 3011 316 3071 ast,
326 3001 356 3059 id
368 2999 407 3058 sd
421 3016 474 3059 sos
486 2996 593 3058 dictur.
615 2998 748 3060 Fuerunt
757 3003 899 3081 superiori
911 3014 1000 3065 estate
1010 3008 1094 3067 multi
1106 3008 1358 3087 ririprrestsntes,

259 3103 291 3153 et
305 3110 356 3153 eos
370 3090 457 3151 etiarn
470 3098 531 3149 tum
542 3108 623 3168 respr
643 3100 746 3153 nostra
767 3093 936 3157 honorarit:
957 3098 1083 3159 honores
1104 3101 1194 3180 igitur
1212 3111 1245 3161 et
1261 3113 1360 3163 uetare

261 3184 360 3243 omnia
370 3181 490 3252 flebunt,
502 3200 555 3259 pro
568 3178 644 3243 illius
657 3184 754 3245 tetutis
762 3188 987 3259 consuetudine,
997 3208 1158 3251 nunosero
1165 3192 1269 3255 rostro
1277 3212 1359 3255 more

259 3284 400 3355 geruntur
413 3272 526 3363 eudem.
548 3272 625 3341 Qun
635 3273 723 3350 igitur
744 3277 801 3337 hoc
814 3276 852 3336 de
865 3297 956 3339 ceusu
967 3280 1056 3341 dico?
1077 3262 1289 3349 Quia'dixerisn
1301 3293 1358 3363 ego

249 3368 326 3429 illos
339 3367 420 3437 nihil,
436 3365 518 3446 quod
530 3366 703 3435 voluisseut,
718 3384 738 3427 a
751 3366 869 3429 civitate
889 3390 949 3430 non
963 3373 1145 3451 impetrssse.
1179 3377 1249 3445 Quo
1269 3396 1357 3454 ergu-

259 3468 360 3517 mento
373 3458 403 3517 id
416 3457 542 3535 colliget
564 3457 642 3525 Quin
662 3457 845 3537 Lysimacho,
865 3461 918 3520 uui
938 3462 1017 3523 illius
1031 3466 1169 3543 temporis
1192 3468 1244 3545 qul
1260 3468 1357 3547 reipu-

135 3562 140 3574 ·
223 3618 236 3631 Ι
259 3548 510 3625 blicse'proiuerst,
520 3559 638 3609 uentum
651 3549 681 3609 in
696 3549 810 3610 Euboe
818 3551 927 3629 jugere
940 3554 1092 3615 arboribus
1104 3559 1210 3619 consiti
1222 3559 1288 3629 soli,
1299 3568 1358 3619 tot-

260 3639 399 3717 idemque
420 3640 492 3697 nudi
514 3640 670 3711 dederont,
693 3651 893 3720 prseteresque
912 3655 1032 3705 centum
1053 3650 1170 3725 argenti
1196 3651 1304 3720 minas,
1326 3660 1361 3711 et

259 3740 416 3815 quatemus
427 3730 580 3791 drachmss
590 3732 620 3789 in
633 3730 698 3791 dies
713 3732 856 3811 singulos.
878 3738 925 3795 Ac
937 3736 976 3797 de
989 3736 1034 3797 his
1045 3738 1208 3801 Alcibiadis
1221 3752 1357 3803 naemu

259 3822 428 3885 consultum
440 3830 546 3892 exstat,
559 3821 588 3881 in
602 3840 662 3899 quo
672 3822 739 3883 hren
750 3826 860 3906 scripta
874 3837 953 3887 sunt.
985 3828 1070 3889 Tunc
1083 3832 1162 3891 enim
1175 3845 1277 3895 nostru
1288 3836 1357 3895 urbs

259 3926 291 3976 et
304 3916 434 3997 pecuniis
444 3921 474 3971 et
487 3930 557 3990 agro
576 3912 765 3976 abundabat:
785 3935 866 3977 nunc
880 3938 955 3979 uero·
967 3921 1146 3990 tbundsbitt
1167 3923 1211 3984 sic
1223 3925 1300 3986 enim
1312 3925 1356 3985 lo·

259 4008 410 4087 quendum
430 4015 486 4079 est,¹
499 4016 529 4063 et
546 4003 859 4075 noncouviciandum.
892 4011 1047 4074 Enimvero
1064 4034 1151 4092 quern
1170 4033 1232 4079 uon
1238 4016 1358 4096 putetis

260 4120 340 4163 nuno
363 4100 478 4161 tertiam
503 4098 619 4158 illorum
641 4108 755 4175 perteus
777 4101 951 4163 immunitati
968 4106 1180 4186 preslatrsruml
1200 4109 1243 4169 Ut
1259 4118 1356 4170 satem

261 4194 325 4255 heo
340 4213 358 4255 e
372 4213 419 4254 me
431 4210 501 4253 rere
513 4190 572 4252 diri
582 4198 735 4271 apparest,
748 4204 821 4272 cape
836 4196 1119 4259 senatrsoonsultum
1132 4199 1223 4261 istud.
1243 4200 1358 4266 Recito.
