2934 5000
362 301 421 362 DE
438 301 556 362 MALE
576 300 711 364 ossis
733 298 981 362 LEGATIONE.
1047 335 1054 344 ·
1135 303 1213 362 ·²5l

53 527 56 537 .
117 453 248 528 sthenes,
262 473 298 514 ex
313 471 388 528 mea,
402 465 437 515 ut
458 457 512 529 ais,
525 455 701 518 Philocratis
724 457 899 519 defensione
918 477 986 518 cum
1006 455 1213 528 intellexisses,

116 567 173 606 nos
187 567 249 606 saur
241 546 335 606 nihil
356 567 454 627 agere,
476 549 628 628 posteriori
650 546 791 631 legationi
811 551 851 609 ad
869 550 1075 630 jusjurandum
1095 550 1214 628 exigen-

116 639 190 698 dum
198 641 293 699 missae
309 641 486 701 interfuistii
497 662 559 701 cnr
572 663 635 702 eam
649 663 709 703 non
723 643 868 723 ejurastii
889 643 956 703 Hoc
968 651 1154 716 mementote,
1167 662 1215 703 me

111 733 281 812 promisisse
303 734 338 793 iis
362 754 437 815 quos
460 733 651 808 redemeras,
675 751 706 798 et
728 738 883 798 allaturum
906 739 1074 818 pecuniam,
1101 747 1133 798 et
1150 755 1214 810 eos,

113 823 302 908 quantumin
316 845 363 884 me
378 833 470 897 esset,
483 836 732 888 conservaturum.
774 824 843 889 Non
862 830 1104 890 committendum
1126 829 1216 907 igitur

114 929 189 990 erat,
201 927 234 976 ut
248 917 395 989 mentirer,
406 927 436 976 et
450 915 615 977 desererem
625 919 809 980 calamitosos
829 922 927 989 cires;
951 942 1045 1000 neque
1060 922 1148 981 etiam
1162 922 1215 982 ad-

113 1007 236 1086 modurn
260 1011 416 1072 honestum
440 1020 492 1070 aut
511 1019 606 1070 tutum
629 1023 702 1085 erat,
724 1011 886 1074 detrectata
908 1014 1055 1093 legadone
1081 1014 1216 1093 privatim

110 1099 173 1161 illic
187 1101 331 1163 oberrare.
373 1099 495 1161 Nam
467 1122 522 1162 nrsr
515 1089 603 1162 illos
616 1122 731 1163 serrare
746 1105 1026 1180 voluissem,diime
1040 1125 1215 1186 omnesper·
1299 1184 1301 1187 Ι

112 1189 188 1254 dant
200 1205 231 1254 et
249 1189 446 1268 eradicent,
423 1215 447 1256 ιι
461 1213 645 1276 magnam
622 1195 724 1254 mereri
747 1197 903 1287 pecuniam
917 1196 1084 1268 voluissem,
1098 1197 1216 1259 utisto·

111 1286 218 1345 rumin
232 1283 378 1364 legatione
392 1287 508 1364 collega
521 1307 626 1346 essem.
645 1278 752 1366 Cujus
751 1289 795 1349 rei
809 1289 924 1366 signum
937 1287 994 1346 hoc
1007 1297 1072 1356 est3
1085 1290 1164 1366 quod
1174 1290 1215 1350 ad

113 1379 229 1438 tertiam
244 1376 419 1456 legationem
434 1380 478 1438 bis
493 1377 626 1438 delectus
640 1399 658 1436 a
671 1376 765 1450 vobis,
787 1379 833 1438 bis
855 1378 1047 1458 jurejurando
1070 1380 1213 1450 recusari,

114 1467 190 1528 etin
204 1465 254 1527 illa
264 1469 442 1547 proiectione
465 1468 520 1529 illis
538 1489 590 1549 per
604 1471 702 1530 omnia
714 1469 756 1528 tui
770 1467 953 1529 adversatus.
995 1471 1072 1534 Qum
1084 1469 1173 1547 igitur
1185 1470 1218 1530 in

114 1555 264 1639 legatione
287 1559 343 1622 mei
365 1560 474 1620 arbitrii
492 1562 622 1634 suenrus,
637 1561 694 1622 hoc
717 1582 754 1649 se·
771 1561 860 1621 modo
873 1560 957 1620 robis
979 1560 1164 1620 habuerunt:
1186 1563 1218 1621 in

113 1649 220 1730 quibus
234 1661 332 1710 autem
347 1649 405 1724 isti,
413 1663 452 1710 -ut
466 1653 575 1731 plures,
589 1652 759 1726 vincebant,
771 1673 808 1712 ea
820 1653 919 1713 omnia
939 1650 1096 1758 perierunt.
1138 1651 1219 1718 Quia

114 1739 145 1802 et
158 1754 258 1804 cetera
271 1743 368 1803 omnia
379 1745 589 1805 convenienter
601 1745 648 1803 his
660 1754 727 1804 acta
735 1733 845 1816 esseut,
859 1744 883 1804 si
898 1745 963 1824 quis
978 1739 1048 1802 u'rihi
1061 1746 1218 1823 paruisset.

86 1832 89 1838 ’
115 1827 221 1914 Neque
235 1837 312 1896 enim
330 1857 386 1916 ego
409 1837 450 1897 ita
471 1836 582 1910 infelix,
602 1848 654 1898 aut
676 1857 830 1899 raecorsr
810 1833 875 1915 ini,¹
884 1848 918 1897 ut
938 1836 1090 1916 pecuniam
1105 1836 1217 1910 darem,

114 1945 184 1986 cum
198 1928 270 1988 alios
292 1929 424 2007 accipere
436 1927 563 1989 riderem
566 1949 640 2008 ,pro
663 1949 729 1990 meo
729 1912 833 1990 vestri
857 1929 972 2003 studio:
993 1948 1061 2008 qum
1074 1939 1172 1990 autern
1187 1938 1219 1989 et

115 2015 180 2078 sine
193 2019 333 2098 impensis
347 2021 452 2078 confici
465 2023 637 2099 potuissent,
647 2033 678 2080 et
690 2023 833 2082 universae
846 2020 957 2081 civitati
969 2021 1057 2099 longe
1070 2021 1137 2100 plus
1150 2040 1217 2101 pro-

114 2109 306 2180 fuissentne
329 2109 391 2168 lieri
414 2110 585 2170 noluissem.
627 2112 692 2188 lmo
711 2111 783 2190 quid
805 2111 984 2184 maluissem,
1000 2111 1218 2202 Athenienses?

116 2199 172 2261 sed
185 2221 232 2260 me
244 2200 422 2260 vincebant'
414 2199 460 2258 rsti
474 2201 619 2259 nimirum.

155 2295 208 2356 52.
229 2293 318 2371 Agite
328 2311 397 2352 vero
412 2291 504 2370 quid
497 2301 573 2350 inter
595 2292 660 2352 hac
679 2293 737 2351 iste
752 2291 855 2369 egerit,
877 2302 908 2349 et
928 2287 999 2368 quid
1023 2289 1215 2364 Philocrates,

115 2383 269 2464 spectate:
292 2387 358 2444 haec
371 2385 450 2444 enim
463 2384 540 2444 iuter
554 2403 586 2444 se
599 2383 718 2456 collata,
732 2383 855 2443 clariora
874 2393 969 2442 erunt.
1011 2382 1140 2442 Primum
1161 2385 1215 2463 igi-

114 2477 163 2538 tur
176 2477 345 2541 Phocenses
360 2487 390 2540 et
403 2478 528 2539 Alenses
542 2474 651 2537 loedere
661 2475 859 2549 excluserunt,
870 2485 901 2535 et
910 2473 1143 2553 Cersoblcptem,
1155 2487 1217 2536 tum

115 2583 220 2632 contra
233 2572 394 2642 decretum,
408 2582 469 2631 tum
484 2582 586 2633 contra
599 2590 635 2630 en
648 2576 714 2648 quse
738 2567 845 2627 advos
869 2567 963 2628 relata
984 2578 1088 2628 erant:
1109 2566 1217 2650 deinde

114 2664 183 2724 loco
202 2680 319 2725 mouere
340 2675 429 2743 atque
452 2664 604 2722 immutare
629 2661 876 2739 decretumque
901 2659 991 2739 legati
1016 2643 1216 2735 veniebamus,

116 2768 186 2847 sunt
206 2758 354 2837 aggressi.
375 2766 480 2838 postea
501 2756 664 2843 Gordianos
687 2752 824 2833 Philippo
838 2754 934 2814 socios
953 2753 1172 2857 inscripserunt,
1186 2766 1218 2813 et

115 2838 236 2929 scriptas
250 2870 268 2909 a
282 2870 327 2909 me
338 2846 438 2909 literas
458 2849 496 2908 ad
516 2840 568 2907 vos
582 2865 643 2906 non
656 2845 815 2907 mittendas
835 2854 1024 2917 censuerunt,
1043 2844 1105 2923 ipsi
1118 2854 1217 2905 autem

119 2938 270 3000 vaecordes
292 2960 360 2999 snas
382 2939 481 3000 literas
496 2940 654 2999 miserunt:
676 2946 821 2998 ettamen
845 2936 1002 3016 praeclarus
1027 2937 1083 2995 iste
1104 2937 1149 2996 vir
1169 2956 1229 3014 me

115 3026 279 3115 ¹pollicitum
294 3051 361 3092 esse
375 3030 510 3111 Philippo
535 3032 607 3090 dixit
625 3050 674 3090 me
696 3032 905 3113 rempublicam
917 3040 1046 3106 vestram
1059 3032 1217 3111 abrogatu-

116 3142 193 3199 rum,
208 3116 287 3201 quod
304 3120 369 3183 ilias
391 3122 647 3203 reprehendebam,
662 3142 738 3200 quas
758 3142 818 3182 non
833 3122 923 3205 modo
944 3133 1044 3202 turpes
1069 3122 1219 3183 existima-

116 3214 197 3287 bam,
212 3215 264 3275 sed
284 3225 314 3275 et
330 3216 460 3289 verebar,
475 3210 521 3293 ne}
534 3213 635 3274 insons
654 3234 712 3294 ego
737 3215 809 3294 meo'
821 3215 937 3274 interitu
959 3214 1076 3293 culpam
1101 3213 1218 3273 illorum

114 3294 236 3377 luerem,
259 3304 416 3366 AEschines
441 3326 510 3365 vero
531 3325 681 3385 nunquam
703 3306 816 3366 destitit
834 3307 967 3386 privatim
988 3303 1129 3383 congredi
1149 3324 1218 3365 cum

116 3396 276 3479 Philippo.
305 3398 350 3457 Ac
364 3408 461 3458 cetera
472 3398 590 3477 quidem
605 3408 700 3470 taceo,
724 3398 882 3477 Dercyllus
907 3406 1005 3457 autern
1028 3395 1131 3487 Pheris
1151 3416 1220 3457 eum

116 3501 204 3553 nocte
219 3488 346 3571 quadam
365 3490 541 3561 observarit,
556 3508 614 3548 non
629 3508 697 3567 ego,
712 3489 842 3549 adhibito
855 3508 947 3567 puero
959 3488 1017 3547 hoc
1030 3506 1109 3561 meo,
1123 3507 1219 3568 eoque

117 3584 309 3665 deprehenso,
323 3604 339 3643 e
353 3572 543 3642 taberhsculo
557 3579 683 3661 Philippi
697 3592 836 3655 exeunte,
849 3600 971 3661 puerum
991 3580 1062 3641 mihi
1083 3580 1217 3641 renunci-

120 3696 168 3736 are
177 3675 277 3755 jussit,
293 3686 323 3734 et
337 3674 432 3753 ipsum
446 3672 476 3735 id
490 3670 664 3747 meminisse.
707 3672 846 3752 Denique
868 3672 996 3733 nefarius
1020 3674 1088 3746 iste,
1113 3685 1144 3733 et
1164 3674 1219 3731 im-

117 3767 243 3847 pudens,
257 3774 374 3826 noctem
387 3773 418 3824 et
431 3764 517 3836 diem,
531 3762 672 3842 digressis
685 3764 782 3837 nobis,
796 3765 934 3827 remansit
947 3763 1025 3843 apud
1039 3764 1217 3842 Philippum.

118 3858 159 3920 Et
180 3860 245 3919 haec
258 3879 324 3919 vere
341 3876 417 3919 ame
435 3856 491 3917 dici
505 3866 539 3917 ut
552 3866 702 3936 appareat,
714 3858 839 3937 primum
852 3877 909 3937 ego
919 3858 980 3936 ipse
992 3858 1022 3915 ιιι
1035 3854 1158 3942 tabellas
1172 3872 1215 3912 ra·

118 3948 222 4026 ieram,
234 3963 265 4013 et
285 3971 353 4012 meo
370 3950 499 4031 periculo
521 3949 718 4011 testificabor:
741 3945 846 4011 deinde
870 3959 1031 4012 ceterorum
1055 3946 1218 4025 legatorum

117 4046 251 4126 singulos
265 4045 371 4118 citabo,
386 4055 417 4105 et
429 4044 546 4121 omnino
560 4053 612 4104 aut
624 4034 785 4116 testificari,
800 4053 853 4105 aut
865 4043 977 4121 ejurare
991 4057 1106 4117 cogam.
1128 4036 1216 4105 Quod

118 4136 426 4221 siejumiintperjurli
436 4156 487 4225 eos
499 4134 653 4199 manifeste
665 4138 695 4197 ιιι
708 4145 868 4218 conspectu
882 4142 979 4194 restro
994 4131 1173 4193 convincam.
1187 4212 1192 4219 .
