2934 5000
275 293 331 356 1³6
376 321 378 330 ·
500 289 654 360 ORATIO
676 288 759 350 PRO
780 287 1132 353 unusnuposl‘rrs

270 439 436 512 indunturr
456 453 486 504 st
497 442 554 508 hee
567 465 598 506 re
613 446 781 508 lnbeleoteri
793 445 1077 506 omnieinrenismns
1099 453 1130 504 et
1149 439 1206 502 hoc
1219 443 1357 526 principi

272 553 320 594 um
329 554 394 596 esse
406 534 548 598 melorum
561 537 699 610 omnium,
712 535 792 616 quod
803 535 935 596 homines
949 535 1042 595 nolint
1048 555 1085 594 ee
1091 535 1258 614 simpliciter
1270 557 1358 616 egere

177 615 183 626 ⁸
269 645 335 707 qum
342 626 425 706 juste
438 639 516 690 sunt.
558 629 600 690 Ut
621 650 657 690 ne
679 629 766 708 igitur
788 626 843 686 hoc
861 627 1012 706 impediet,
1025 647 1083 707 quo
1095 627 1190 686 minus
1202 627 1356 688 Thebano-

270 739 333 779 rum
346 737 417 798 opes
432 719 607 792 minuentur,
624 731 655 780 et
676 719 821 798 Thespius
841 728 872 778 et
893 717 1020 778 Pleteess
1040 729 1071 778 et
1083 718 1299 780 Orchomenum
1310 722 1355 781 in·

271 811 401 872 stnureri·
413 822 544 890 oportere
564 813 713 878 dicemus:
735 829 844 888 eosque
856 809 1029 890 adjuvemus
1041 821 1073 872 et
1085 810 1158 872 elios
1170 811 1357 872 hortemur-

269 914 315 966 est
333 903 409 965 enirn
423 913 453 962 et
465 901 619 962 honestum
634 912 664 962 et
680 922 875 982 equum-ne
897 913 1027 964 retentes
1047 904 1135 964 urbes
1156 923 1273 964 eversus
1290 925 1356 966 esse

269 995 433 1076 patientur:
456 993 662 1074 Megelopolim
677 1005 776 1055 sutem
785 1003 816 1054 et
828 997 996 1056 Messenem
1008 994 1152 1075 injuriosis
1165 1014 1226 1054 non
1237 997 1356 1077 objicis·

270 1107 345 1160 mus,
369 1106 464 1164 neque
495 1096 636 1165 prsetestu
660 1087 881 1167 Thespiensium
903 1099 934 1149 et
959 1087 1167 1148 Plstmensium
1193 1089 1355 1151 incolumes

271 1181 356 1240 urbes
371 1197 494 1258 qumque
508 1177 672 1238 habitantur
685 1179 816 1238 exscindi
835 1180 972 1239 sinemus.
1014 1179 1102 1244 Quod
1115 1179 1139 1238 si
1151 1179 1216 1240 brec
1229 1183 1356 1260 promul·

270 1280 340 1350 geta
358 1269 472 1340 suerint,
493 1288 579 1330 nemo
600 1271 655 1332 erit
674 1271 744 1349 quin
758 1269 914 1331 Thebanos
925 1270 997 1330 velit
1015 1270 1124 1330 alienos
1136 1290 1224 1350 egros
1236 1273 1354 1332 tandem

269 1364 413 1426 emittere:
434 1363 479 1422 sin
492 1362 597 1434 minus,
611 1364 733 1442 primum
746 1363 777 1422 hi
789 1364 873 1424 nobis
884 1365 1115 1424 edversebuntur
1131 1383 1169 1423 ne
1187 1364 1239 1424 illa
1251 1365 1356 1426 confici

268 1455 392 1536 possint,
404 1475 459 1516 neo
472 1455 587 1534 injurie,
607 1474 696 1533 quum
716 1456 922 1516 existimabunt
941 1457 1056 1517 illerum
1078 1458 1192 1517 urbium
1212 1457 1357 1519 inetsnre-

269 1550 378 1616 tionem
409 1548 566 1612 exscidium
600 1549 654 1610 sibi
681 1548 854 1618 nlleturem;
874 1549 982 1611 deinde
1008 1551 1099 1610 nostri
1121 1559 1244 1610 constes
1270 1563 1357 1610 erunt

268 1643 347 1706 irriti.
388 1643 465 1704 Nem
478 1641 543 1720 quis
556 1642 674 1702 tandem
688 1641 743 1700 erit
754 1643 858 1712 exitus,
869 1642 892 1701 si
906 1643 991 1702 urbes
1001 1642 1162 1704 incolumes
1171 1641 1303 1702 exscindi
1316 1644 1355 1702 si·

270 1751 382 1807 nemus,
397 1733 539 1797 exscissae
553 1732 706 1794 instaurari
716 1732 947 1812 postulabimus?

310 1831 338 1888 9.
360 1827 469 1888 Dicunt
485 1845 570 1905 porro
579 1827 628 1904 qui
644 1826 809 1906 nequissime
823 1825 919 1886 dicere
931 1827 1073 1900 ridentur,
1086 1839 1218 1906 oportere
1232 1825 1358 1885 Arcades

270 1929 379 1980 erentes
391 1939 456 1980 oum
475 1918 619 1979 Thebanis
642 1917 792 1980 columneo
818 1917 929 1990 tollere,
950 1920 974 1978 si
997 1918 1084 1978 modo
1096 1920 1359 1980 nobisconstsnter

271 2012 343 2075 sosii
353 2031 417 2072 esse
429 2012 574 2073 debeant:
596 2010 643 2070 elii
665 2009 814 2070 columnus
836 2011 878 2070 eis
899 2029 964 2070 esse
987 2021 1106 2088 negent,
1131 2011 1184 2071 sed
1201 2010 1357 2073 eunoun

271 2123 334 2166 esse
355 2123 422 2182 quse
441 2102 597 2180 amicitiem
620 2102 778 2172 conciliet;
799 2111 831 2163 et
852 2121 903 2162 sos
922 2103 1024 2162 heberi
1044 2123 1097 2182 pro
1109 2105 1205 2176 sociis,
1221 2105 1357 2182 equibus

270 2195 453 2274 adjuventur.
494 2195 559 2274 Ego
572 2214 651 2269 vero,
664 2195 688 2254 si
701 2195 828 2256 muime
840 2195 914 2254 tnles
925 2204 1002 2267 sunt,
1014 2196 1055 2254 its
1066 2197 1178 2256 sentio:
1200 2195 1357 2254 Postulan-

271 2288 341 2352 dun
360 2307 426 2348 esse
440 2287 518 2357 dico,
535 2287 628 2360 simul,
638 2297 672 2347 ut
683 2286 713 2345 hi
726 2298 837 2346 stetuss
850 2285 966 2357 tollent,
982 2287 1078 2358 simul,
1093 2300 1127 2348 ut
1139 2287 1356 2348 Lecedoemonii

269 2397 373 2460 penem
387 2389 485 2458 egent.
527 2378 594 2438 Utri
608 2385 703 2438 eutem
716 2378 758 2436 its
770 2378 865 2436 secere
874 2377 1027 2448 noluerint,
1038 2388 1099 2435 tum
1112 2378 1224 2437 seilicet
1236 2397 1288 2437 eos
1303 2379 1357 2438 ed-

270 2472 435 2535 soisoendus
455 2471 505 2549 qui
530 2469 608 2529 dicto
631 2467 739 2528 fuerint
760 2468 931 2527 audientes:
952 2468 1012 2527 sive
1025 2467 1103 2527 enim
1121 2457 1193 2547 pecs
1202 2471 1360 2533 concinere

271 2563 486 2643 Megelopolitoe
503 2560 599 2621 adhuc
622 2559 825 2617 Thebanorum
847 2558 977 2617 societati
1000 2558 1201 2633 adherebunt,
1222 2564 1357 2621 omnibus

270 2656 403 2717 nimirum
424 2650 606 2732 perspicuum
631 2650 685 2709 erit
707 2650 882 2729 prmeipuum
908 2651 1093 2711 commodum
1113 2663 1144 2712 et
1162 2654 1359 2719 emolumenta

270 2746 483 2813 Thebanorum,
504 2761 562 2801 non
575 2740 752 2819 aequitetem,
765 2761 816 2800 eos
830 2742 923 2819 sequi,
944 2742 1005 2801 sire
1021 2745 1240 2824 Megalopolim
1259 2746 1359 2806 socios

270 2856 323 2906 nus
334 2837 396 2899 sine
410 2832 511 2896 fteude
525 2832 629 2893 sacient
639 2842 669 2891 et
683 2831 892 2891 Leoedoemonii
905 2852 1007 2911 pacem
1020 2837 1135 2895 turbare
1148 2846 1246 2896 temen
1266 2856 1358 2898 oons-

269 2930 386 2997 buntur,
400 2927 492 2987 celere
504 2924 634 3001 prolecto
648 2922 790 2983 neminem
804 2934 941 3002 poterunt
959 2945 992 2985 se
1012 2946 1071 2984 non
1093 2927 1130 2986 de
1151 2927 1209 2987 hoo
1225 2927 1360 2989 leborsre

271 3030 305 3080 ut
317 3018 448 3097 Thespis}
461 3016 666 3088 instaurentur,
686 3014 738 3074 sed
760 3025 793 3075 ut
811 3016 956 3077 Thebenis
967 3017 1023 3078 hoc
1037 3018 1116 3077 bello
1125 3019 1360 3101 conflictantibus

270 3112 384 3183 interim
398 3110 452 3190 ipsi
464 3104 698 3189 Peloponnesum
712 3108 857 3189 subigent.

240 3242 242 3245 -
314 3208 361 3267 10.
383 3204 516 3265 Demiror
531 3211 627 3261 eutem
641 3200 792 3278 quosdam,
806 3201 854 3279 qui
867 3201 1079 3261 formidandum
1094 3213 1225 3274 censent,
1240 3205 1265 3263 si
1276 3204 1357 3265 The·

203 3326 206 3331 ·
271 3297 493 3377 benorumsooii
507 3294 796 3358 Lacedaemoniorum
813 3293 913 3354 hostes
929 3295 1006 3364 sint;
1028 3296 1081 3355 ssd
1100 3296 1125 3357 si
1138 3295 1358 3358 Lecedsemonii

270 3393 336 3456 illos
349 3393 427 3471 ipsos
442 3388 604 3459 everterint,
619 3386 648 3446 id
660 3386 873 3447 formidandum
886 3407 945 3447 non
957 3400 1096 3448 censenti
1117 3390 1275 3467 presertim
1287 3410 1358 3450 cum

270 3494 385 3562 tempus
407 3482 502 3559 reipse
520 3500 573 3542 nos
596 3480 737 3551 docuerit,
751 3479 906 3541 Thebanos
920 3500 1031 3559 semper
1044 3481 1089 3539 his
1103 3481 1189 3540 sociis
1203 3482 1246 3541 uti
1255 3494 1360 3544 eostre

272 3573 525 3641 Leoedmmoniosr
548 3572 782 3635 Leoedoemonios
794 3584 899 3643 nutem,
917 3573 987 3631 dum
1001 3572 1120 3633 eosdem
1132 3574 1271 3648 habuere,
1284 3595 1359 3635 con·

272 3678 319 3735 tre
331 3684 385 3726 nos
398 3663 454 3723 illis
464 3663 555 3725 luisse
566 3683 643 3723 usos.
686 3662 809 3725 Proinde
823 3663 893 3721 illud
907 3663 994 3722 etiem
1008 3665 1194 3742 cogitandum
1206 3686 1321 3739 censeo,
1330 3667 1357 3725 si

273 3780 327 3825 vos
349 3752 574 3833 Megalopolitss
592 3775 650 3815 non
675 3753 849 3833 receperitis,
873 3755 908 3813 iis
935 3758 1111 3835 expugnetis
1120 3767 1163 3823 ,et
1183 3759 1357 3837 profligetis,

273 3845 508 3920 Leeedmmonios
519 3844 850 3923 stetimsorepotentes:
870 3848 914 3907 sin
928 3847 1002 3907 forte
1015 3850 1171 3909 manserint
1187 3849 1359 3923 incolumes,

274 3941 359 4009 sicuti
376 3936 515 4002 nonnulle
530 3936 591 4015 jem
615 3946 719 4013 preter
736 3956 820 4014 spem
843 3948 1010 4010 evenerunt,
1031 3940 1129 4000 firmos
1153 3940 1358 4002 Thebanorum

273 4035 369 4101 socios
384 4030 482 4093 merito
493 4028 613 4090 iuturus.
657 4026 687 4088 Si
703 4036 800 4088 eutem
812 4047 865 4089 eos
878 4048 928 4089 vos
942 4033 1118 4111 receperitis,
1133 4032 1261 4096 salutem
1274 4052 1358 4102 susm

274 4128 356 4189 vobis
370 4132 519 4203 acceptam
532 4118 688 4183 relaturos:
709 4137 810 4182 verum
822 4131 956 4181 eventum
976 4132 1008 4182 et
1026 4124 1149 4201 periculi
1165 4125 1358 4207 considereti-

275 4238 359 4281 onem
373 4214 576 4281 transferemus
586 4213 622 4275 sb
637 4210 703 4284 illis,
716 4210 854 4291 idemque
867 4214 1015 4293 nemnem
1027 4216 1057 4274 in
1069 4216 1215 4277 Thebanis
1223 4227 1255 4278 et
1266 4217 1360 4279 Leue-

276 4308 426 4374 dromoniis
446 4305 675 4381 consideremus·
703 4302 733 4367 Si
747 4302 834 4381 igitur
850 4304 981 4367 'l'hebsni
992 4298 1080 4381 bello,
1094 4319 1129 4368 ut
1139 4308 1260 4385 debent,
1273 4312 1360 4372 subs.
