2934 5000
418 335 421 340 ¹
524 339 765 404 PHILIPPICA
785 340 838 401 lv.
1170 337 1226 398 lod

128 509 256 571 qaorum
268 493 390 575 siugulis
399 495 525 570 omissis,
534 515 635 570 uuum,
648 495 815 576 queomnia
825 493 959 568 tardum,
972 491 1079 567 dicam,
1088 501 1225 574 precatum

126 601 150 645 a
165 584 261 658 vobit,
275 587 382 650 rivere
392 587 482 650 libere
495 589 605 662 dlxaro,
618 607 657 650 ne
669 588 741 650 milri
756 587 965 648 succenseam.

174 679 222 738 14.
238 677 407 742 Divendita
428 691 498 747 runt
510 680 639 746 omnium
648 682 710 762 jem
729 691 893 760 temporum
913 677 1156 760 ommim
1172 687 1224 745 ,θῖ-

128 787 190 848 que
200 769 292 830 otium
302 772 422 850 quidem
434 784 466 833 et
478 791 572 858 rerum
584 773 768 836 vamtionem
780 791 834 834 ros
854 769 1026 850 arripuistis,
1046 768 1154 848 quibus
1172 768 1225 830 de·

124 859 213 934 liniti,
236 861 346 942 hirqui
367 883 420 926 vos
443 865 555 926 ledum
567 883 626 926 uon
644 865 771 944 graviter
785 862 961 942 irascimini.
981 863 1109 924 bonores
1127 871 1226 922 autam

126 951 179 1012 alii
191 953 383 1018 abstulerunt
411 958 456 1018 Ao
469 977 537 1036 qum
549 957 588 1018 ad
599 967 704 1018 caetera
716 956 835 1038 quidem
844 957 981 1030 attinent,
990 975 1030 1030 ea
1039 973 1101 1016 non
1114 964 1163 1016 est
1172 973 1227 1016 ex·

130 1043 437 1129 quiterenunooperee
446 1050 586 1129 pretium:
601 1049 713 1110 sedubi
721 1049 820 1129 aliqua
829 1047 1228 1129 Philippimsntioinoiderit,
1325 1071 1328 1091 ·

126 1137 229 1196 statim
238 1139 359 1218 quidum
370 1161 493 1222 surgens
506 1141 587 1215 dIcit,
600 1161 660 1203 non
673 1159 741 1202 ease
753 1139 934 1220 negandum,
942 1159 1002 1201 nec
1010 1140 1228 1200 decernendum

126 1227 251 1304 bellum,
265 1233 405 1314 deinceps
418 1235 516 1296 statim
530 1235 624 1308 addit,
637 1235 667 1296 in
684 1253 760 1316 pace
772 1234 870 1296 rivere
885 1252 973 1312 qnam
985 1234 1107 1305 bonrum,
1119 1243 1151 1292 et
1165 1251 1227 1294 mr·

127 1339 225 1400 gnum
239 1324 317 1410 alere
330 1328 489 1388 exereitum
500 1345 589 1406 quam
602 1347 700 1406 grave,
718 1337 750 1387 et
767 1326 892 1406 diripere
903 1324 1024 1405 qnidam
1032 1326 1167 1384 ararium
1179 1343 1230 1386 vo·

127 1415 206 1488 lunt,
220 1415 336 1496 aliaque
347 1415 549 1492 hujurcmnodi
560 1419 710 1498 proterunt
724 1425 759 1477 ut
770 1417 928 1497 opinantur
941 1415 1101 1476 verissima⁸
1121 1413 1230 1476 Var‘um
1294 1499 1298 1505 .

129 1525 236 1586 pacem
249 1508 334 1578 tucri,
346 1527 406 1568 nou
418 1509 501 1570 robis
515 1509 617 1589 utique
631 1508 815 1572 suadendum
828 1519 885 1580 est,
898 1508 949 1588 qui
957 1507 1021 1586 jam
1032 1507 1164 1586 persuasi
1176 1507 1230 1567 de-

130 1598 244 1674 sidet‘m,
254 1599 308 1660 sed
319 1599 362 1660 illi
375 1600 483 1681 potius,
494 1601 545 1681 qui
562 1600 680 1663 hostilit
692 1601 782 1664 doit:
796 1600 845 1662 cui
865 1601 891 1660 si
901 1617 1076 1680 pmuosum
1089 1595 1229 1671 fueritin
1365 1659 1375 1674 ,

131 1690 215 1752 vobis
237 1692 321 1753 nulla
339 1711 422 1756 mora
441 1703 496 1756 est.
533 1693 643 1756 Gravia
662 1703 760 1756 autem
778 1691 973 1755 manda
991 1701 1146 1764 omnen
1163 1711 1231 1772 qum

127 1783 253 1854 ,ruendo
266 1783 369 1846 edatis
393 1805 484 1848 cama
503 1785 753 1866 inaumprerimus,
771 1784 827 1847 aad
838 1803 878 1846 ea
890 1803 959 1865 qun
970 1783 1162 1864 mmmmm,
1174 1783 1232 1844 uiri

129 1871 197 1934 hren
209 1874 308 1938 fecere
321 1877 498 1940 voluerimus
512 1897 520 1947 ι
542 1897 579 1940 eo
592 1877 715 1957 direptio
727 1876 832 1950 aerarii,
850 1875 1017 1938 eurtodiam
1034 1893 1096 1956 qua
1112 1893 1232 1938 conaer-

110 1955 215 2028 'rsarr
226 1968 415 2047 malguendo,
427 1967 609 2048 prohibenda
620 1963 678 2044 cst,
691 1987 754 2031 nou
770 1968 936 2030 ὼιοιῆοιιι
952 1967 1098 2028 utilitatis.
1126 1966 1231 2038 Quan-

131 2075 223 2136 quam
241 2057 273 2120 id
286 2059 382 2138 ipsum
402 2061 614 2140 iniquo·auimo
626 2060 700 2134 lero,
719 2061 885 2122 airartrum
903 2061 1080 2140 quibusdam
1097 2061 1233 2140 pecunia

129 2146 258 2227 direptio
270 2143 317 2210 e'st
330 2148 465 2222 molesta,
484 2168 572 2229 quem
585 2159 621 2210 ut
636 2151 722 2224 tueri,
740 2151 784 2211 sic
799 2151 984 2230 peculatores
1004 2154 1121 2231 punire,
1140 2169 1233 2232 penes

133 2257 189 2302 res
207 2250 274 2302 eat:
295 2239 449 2320 Philippus
463 2249 572 2316 autem,
591 2242 643 2320 qui
657 2251 749 2304 totam
762 2241 902 2322 deinceps
913 2243 1062 2303 (masau
1074 2243 1185 2324 diripit,
1202 2255 1234 2306 et

128 2339 235 2392 resno
247 2331 327 2394 malo
337 2331 446 2412 diripit,
458 2351 519 2395 non
531 2333 740 2396 estmolustm.
873 2333 877 2340 ’
1324 2382 1328 2393 .

176 2427 224 2486 15.
246 2424 305 2496 Qui
315 2425 350 2484 fir
366 2424 467 2506 igitur,
482 2424 690 2499 Athenienses,
712 2436 748 2486 ut
759 2443 839 2496 aum,
860 2424 912 2504 qui
923 2433 985 2485 tam
998 2434 1097 2505 aparte
1114 2427 1233 2509 injuriat

129 2516 216 2591 lacit,
228 2526 260 2579 et
271 2518 358 2581 urbes
371 2530 508 2599 occupat,
518 2530 606 2580 nemo
618 2537 748 2596 unquam
757 2518 880 2579 istorum
887 2518 996 2597 injuste
1003 2518 1102 2579 muare
1110 2528 1162 2582 aut
1170 2538 1234 2582 mo·

129 2628 202 2671 sere
214 2608 325 2671 bellum
343 2610 465 2671 dixerit:
486 2611 536 2690 qui
557 2628 627 2671 vero
648 2630 707 2672 non
724 2610 925 2682 concedenda,
940 2626 1038 2688 neque
1055 2611 1235 2690 negligenda

131 2701 201 2763 hren
212 2720 276 2763 esre
300 2702 432 2775 suadent,
446 2722 498 2765 eos
512 2702 619 2763 bellum
632 2704 728 2765 facere
741 2700 864 2763 dicanti
894 2700 984 2770 Quod
1001 2701 1119 2798 culpam
1132 2722 1233 2765 earum

130 2812 201 2872 quse
214 2814 251 2855 er
262 2794 341 2857 bello
355 2796 471 2857 orituree
491 2804 561 2855 suut
573 2794 942 2857 difficultatum-neeesse
954 2794 1043 2866 euim,
1054 2814 1176 2856 neccsse
1186 2806 1234 2858 est

129 2886 242 2949 multas
257 2887 324 2947 orIri
341 2887 450 2949 ebello
468 2887 653 2949 molestiar-
620 2888 685 2949 -in
705 2907 758 2949 eos
778 2889 829 2966 qui
840 2897 939 2953 restra
950 2904 1044 2947 causa
1054 2888 1167 2967 optimu
1187 2889 1235 2949 di·

131 2998 199 3041 cere
213 2980 318 3052 solent,
327 2982 456 3043 universi
447 2982 598 3043 conferre
608 2981 747 3060 cupiunt:
768 2990 892 3042 oensem
903 2978 993 3052 enim,
1006 2979 1033 3039 si
1045 2998 1097 3041 ιοι
1110 2998 1234 3043 concor-

131 3070 210 3133 diter
227 3060 348 3151 ineque
361 3073 458 3133 animo
472 3072 638 3153 Philippum
657 3073 850 3145 ulciscamini,
867 3082 899 3132 et
914 3072 998 3132 illum
1010 3082 1183 3152 superatum
1200 3074 1236 3136 iri

130 3182 155 3223 a
177 3163 273 3237 robis,
287 3172 317 3223 st
335 3164 407 3242 ipsis
423 3164 550 3225 faciendi
570 3174 702 3243 quartus
722 3164 837 3225 nullum
854 3164 954 3223 locam
966 3164 1047 3223 lore:
1067 3164 1114 3224 rin
1134 3163 1236 3227 oblato

129 3254 236 3333 aliquo
252 3254 391 3325 tumultu,
405 3255 592 3317 criminantes
611 3255 766 3334 quosdam,
780 3255 818 3317 ad
831 3254 990 3315 tribunalia
1001 3254 1154 3327 devoletis,
1170 3268 1235 3317 tum

133 3363 168 3407 ae
178 3346 214 3407 iis
225 3346 400 3407 morandis
415 3357 570 3425 utrumque
582 3358 805 3421 consecuturos,
818 3346 1055 3407 atlaudationam
1068 3366 1088 3405 a
1096 3347 1191 3420 rolris,
1204 3359 1236 3409 et

132 3436 320 3518 largitionem
340 3438 378 3497 ab
398 3436 469 3499 illo:
492 3446 553 3503 urm
573 3456 638 3510 vor,
656 3440 696 3500 ob
716 3458 754 3499 ea
771 3448 979 3517 propterque
1000 3437 1058 3518 ipsi
1074 3436 1236 3501 mulctandi

131 3541 246 3605 esseut,
262 3548 365 3610 prunas
388 3530 428 3591 de
447 3530 493 3604 iis,
517 3531 568 3609 qui
586 3549 639 3609 pro
652 3528 758 3593 restris
772 3528 933 3592 omnimodis
946 3530 1040 3593 locuti
1053 3541 1134 3605 eum,
1148 3552 1237 3594 sam·
1262 3572 1269 3587 .

131 3631 247 3703 ptnros.
270 3622 398 3703 Anapos
414 3621 676 3703 quidemistorum
696 3620 745 3681 hm
766 3630 854 3690 sunu
875 3632 1132 3703 cornuumque
1144 3638 1236 3707 nuper

130 3716 220 3794 quod
228 3724 416 3777 exsuuuutur
436 3716 663 3789 criminationes,
680 3715 812 3786 illudat,
832 3714 910 3775 ralla
927 3714 1084 3783 nonnullos
1102 3716 1235 3777 homiues

133 3807 360 3869 bellumt'eeere.
382 3806 450 3887 Ego
460 3807 717 3887 verocxploratum
726 3808 832 3881 babeo
841 3808 1137 3869 amathuntensium
1147 3828 1234 3869 nomo

134 3898 245 3961 bellum
261 3899 531 3973 decrementum
547 3900 605 3963 alia
624 3899 806 3979 multaque)
825 3911 933 3961 nurtrte
946 3901 1028 3963 urbis
1046 3911 1117 3961 sunt
1135 3910 1234 3961 tenere

135 3990 315 4073 Philippum,
328 4001 391 4053 tum
404 4012 496 4054 nuno
493 3992 611 4055 anxilio
622 3992 738 4055 mitiore
751 3991 899 4053 Cardiam.
931 3992 1057 4062 Quod
1034 4011 1059 4052 rr
1079 4009 1135 4051 nos
1147 3990 1234 4053 disai-

134 4083 247 4143 mulare
265 4084 400 4145 tolumur
413 4105 481 4148 eum
494 4084 601 4147 bellum
622 4102 724 4165 gerere
734 4085 901 4153 nobiscum,
920 4082 1085 4144 mortalium
1103 4084 1233 4146 omnium

134 4178 342 4241 stolidissimus
355 4189 444 4250 esset,
466 4180 492 4240 si
507 4178 538 4239 id
558 4188 749 4257 coargueret:
770 4177 883 4246 namsi
900 4176 1001 4235 violati
1020 4185 1139 4254 negant,
1160 4179 1233 4257 quid

135 4280 185 4330 ert
201 4270 321 4331 violanti
334 4270 519 4333 facmndum?
540 4271 600 4333 Sed
614 4270 665 4331 ubi
679 4290 735 4332 uos
749 4271 830 4349 ipsus
850 4269 1001 4340 invaserit,
1014 4267 1087 4346 quid
1104 4279 1168 4331 tum
1186 4272 1232 4332 di-

136 4362 256 4454 cenos?
279 4363 332 4427 Ille
346 4364 465 4449 ouldem
485 4384 517 4425 se
529 4362 639 4425 bellum
654 4382 756 4443 perere
769 4362 899 4443 negabit,
911 4360 1160 4453 quemadmodum
1177 4379 1231 4425 neo
