2934 5000
246 321 304 384 sar
331 321 334 326 ’
483 291 545 380 bn
567 315 681 378 nass
703 313 836 374 onera
858 307 1108 372 securioris.

651 591 956 659 TESTIMONIUM.

255 791 259 798 .
293 745 342 805 64.
364 739 430 824 Ego
449 744 537 824 igitur
554 743 730 822 integritatis
745 759 820 802 mere
837 736 1019 800 conscientia
1036 737 1140 806 fretus,
1163 743 1195 794 et
1212 734 1360 794 rationem

253 836 444 908 reddendam,
463 847 494 898 et
506 855 572 915 quae
586 835 700 914 legibus
709 836 860 914 jubentur,
880 830 1051 910 prestanda
1071 829 1172 887 omnia
1190 826 1360 886 ducebam:

253 928 310 990 iste
318 937 435 988 contre.
464 929 564 996 Quare
578 927 628 1007 qni
640 927 702 986 lieri
715 935 821 1006 potest,
835 935 872 985 ut
882 925 914 984 in
926 923 1031 984 eodem
1045 919 1166 999 negotio
1178 938 1237 997 ego
1255 930 1288 977 et
1299 919 1360 978 iste

254 1019 409 1080 fecerimus
431 1019 554 1080 eadent
575 1028 627 1078 aut
639 1019 688 1096 qni
706 1018 846 1078 convenit
864 1017 913 1075 isti
930 1023 1011 1074 nunc
1029 1013 1108 1092 apud
1124 1031 1178 1072 vos
1197 1018 1237 1071 en
1249 1009 1360 1082 dicere,

197 1101 201 1112 ¹
256 1131 379 1189 quorum
398 1129 444 1170 me
467 1120 554 1170 antea
573 1125 724 1186 nunquam
745 1104 944 1168 insimulavit?
969 1105 1164 1183 Nequaquam
1183 1111 1273 1162 certe.
1294 1100 1360 1160 Sed
1454 1160 1455 1191 ,

256 1213 355 1262 tamen
370 1202 456 1271 dicet,
471 1221 525 1262 nec
540 1199 704 1260 mehercule
719 1199 833 1278 injuria.
857 1196 947 1256 Scitis
961 1195 1153 1273 enimutique
1167 1192 1360 1270 hoc,exquo
1454 1238 1455 1251 2

256 1296 318 1354 nati
342 1303 410 1354 sunt
429 1293 571 1364 homines,
591 1302 622 1352 et
638 1287 753 1371 judicia
777 1301 962 1361 exercentur,
984 1288 1130 1348 neminem
1146 1305 1289 1364 unquam,
1307 1285 1360 1362 qui

258 1387 365 1462 crimen
383 1385 530 1456 fateretur,
550 1403 616 1444 esse
636 1383 880 1449 condemnatum
902 1381 956 1466 sed
972 1380 1098 1440 frontem
1117 1379 1284 1458 perfricaret,
1306 1399 1360 1438 ue·

258 1489 339 1555 gent,
356 1475 548 1552 mentiuntur,
562 1474 952 1560 caunascomminiscuntur,
964 1472 1062 1534 omnia
1074 1472 1189 1532 iaciunt
1204 1489 1242 1530 ne
1254 1490 1360 1549 peenas

258 1567 352 1636 luant.
387 1569 520 1633 Quarum
542 1585 638 1626 rerum
652 1565 734 1627 nulla
746 1584 798 1624 vos
816 1575 934 1644 oportet
952 1563 1040 1624 hodie
1059 1563 1165 1642 decipi,
1185 1563 1240 1622 sed
1253 1582 1291 1621 ex
1308 1582 1360 1622 ve·
1455 1560 1456 1637 ᾖ

258 1668 369 1737 strepte
382 1645 615 1720 conscientiade
629 1675 721 1716 causa
737 1656 883 1736 judicare,
900 1675 960 1715 non
974 1656 1047 1715 meis
1066 1665 1120 1716 aut
1134 1654 1218 1714 istius
1237 1654 1359 1714 credere
1455 1652 1456 1659 ’

260 1737 442 1812 sermonibus
456 1759 508 1808 aut
521 1747 744 1826 testibus,'quos
757 1750 813 1808 iste
826 1760 945 1828 paratos
962 1749 1085 1808 hebebit
1097 1747 1134 1807 sd
1148 1746 1266 1826 quidvis
1277 1747 1359 1826 testi-

189 1829 197 1852 *
258 1840 418 1912 licendum,
434 1838 571 1918 Philippo
583 1838 739 1916 prabimre
752 1849 857 1898 utens:
876 1838 1013 1898 videbitis
1031 1849 1139 1910 summ,
1154 1857 1244 1914 quem
1257 1857 1311 1916 pro
1322 1858 1359 1898 eo
1456 1834 1457 1877 l

259 1933 319 1990 sint
332 1928 585 2009 expeditedicturi
598 1929 806 1989 testimonium.
828 1931 931 2007 Neque
944 1930 1018 1990 illud
1030 1929 1118 1990 etiam
1129 1949 1183 1989 vos
1195 1940 1319 2000 movent,
1333 1931 1360 1988 si
1456 1948 1457 1951 ¹

258 2041 314 2081 vox
325 2021 403 2080 illius
418 2020 501 2080 clara
513 2029 542 2079 et
552 2039 659 2100 magna
669 2031 802 2098 estmen
812 2040 882 2081 vero
891 2022 1014 2081 tenuion
1036 2021 1140 2098 Neque
1152 2021 1230 2080 enim
1239 2021 1282 2080 ‘de
1294 2039 1359 2080 om-
1456 2068 1457 2087 ,

259 2115 381 2186 toribus,
391 2122 444 2172 aut
457 2113 647 2182 orationibus,
659 2113 685 2172 ei
698 2113 810 2193 sapitis,
815 2113 957 2193 judicium
968 2113 1056 2174 hodie
1064 2113 1193 2174 facietis:
1215 2114 1268 2173 sed
1274 2115 1359 2194 igno-

259 2207 376 2286 miniam
397 2215 517 2285 pmpter
537 2227 584 2266 res
597 2206 751 2285 ‘flagitiose
771 2220 803 2268 et
823 2208 965 2268 scelerate
985 2207 1124 2286 perditas,
1142 2217 1309 2286 succeptum
1328 2207 1360 2266 in

259 2307 395 2358 suctores
410 2297 623 2377 retorquebitis,
633 2298 959 2378 negotiis‚'quoeomnes
970 2298 1072 2369 nostis,
1083 2298 1262 2359 examinetis.
1283 2299 1359 2364 Quae

257 2389 346 2468 igitur
366 2389 418 2449 illa
436 2389 524 2449 sonti
546 2390 621 2459 Quae
644 2409 695 2450 ros
713 2391 804 2460 scitis,
826 2410 923 2469 neque
943 2409 1017 2470 opus
1030 2400 1145 2462 estes
1164 2409 1214 2450 vos
1233 2410 1251 2449 e
1271 2391 1358 2450 nobis

258 2481 367 2542 audire.
400 2481 478 2541 Nam
492 2483 518 2542 si
536 2499 583 2553 ea,
608 2502 675 2560 quc
692 2481 774 2542 vohis
788 2480 937 2562 pollicitus
950 2491 1006 2556 est,
1024 2483 1123 2543 omnis
1135 2502 1234 2562 pacem
1254 2493 1359 2544 secute

259 2586 339 2645 suut,
354 2583 496 2653 tantaque
509 2574 626 2653 ignavia
646 2584 677 2633 et
690 2574 846 2635 timiditate
866 2596 919 2635 vos
931 2595 997 2637 esse
1016 2576 1137 2647 refertos
1153 2576 1294 2649 fatemini,
1313 2588 1358 2649 ut,

257 2671 338 2742 (curn
351 2668 381 2726 in
395 2686 466 2743 agro
488 2676 589 2725 nostro
602 2666 674 2724 nulli
687 2665 788 2727 hostes
806 2680 1000 2739 verterentur,
1019 2688 1086 2728 curn
1105 2686 1201 2747 neque
1218 2670 1289 2729 meri
1304 2688 1359 2750 op-

259 2776 467 2835 pugnaremur,
479 2775 574 2835 neque
589 2757 721 2818 ulls'alis
732 2758 886 2823 calamiten
902 2761 1072 2841 reipublice
1081 2760 1248 2835 cecidisset,
1262 2762 1361 2824 sedet

260 2866 378 2907 annona
392 2848 473 2927 parvi
486 2859 639 2921 emeretur,
652 2862 682 2907 et
696 2850 785 2910 nihilo
803 2853 888 2933 pejus
901 2870 989 2931 quam
1001 2872 1082 2912 nunc
1093 2852 1245 2913 vobiscum
1259 2872 1359 2931 agere·
1456 2909 1460 2922 ,

260 2954 317 3013 tur,
339 2940 607 3018 etsiproescissetis,
620 2950 708 3019 atque
721 2936 832 3003 existis
846 2946 926 3025 prius
943 2944 1109 3018 nudisseh‘s,
1128 2957 1159 3006 et
1171 2946 1268 3006 socios
1286 2947 1360 3025 peri·

157 3036 161 3047 ‘
261 3041 351 3103 turos,
365 3041 396 3090 et
416 3030 574 3091 Thebanos
587 3042 722 3111 potentes
742 3036 814 3108 iore,
827 3048 860 3097 et
874 3039 1029 3099 Thraciam
1048 3038 1215 3118 Philippum
1233 3058 1361 3117 occupa-

191 3152 199 3177 r
260 3132 369 3211 turum,
381 3132 412 3181 et
424 3121 454 3179 in
468 3122 581 3183 Euboea
593 3125 718 3185 castella
730 3135 911 3188 exstructum
925 3129 959 3188 iri
973 3129 1077 3191 advos
1091 3130 1316 3209 oppugnandos,
1331 3142 1362 3189 et

261 3212 359 3273 omnia
370 3213 524 3291 quaefacta
539 3225 609 3275 sunt
620 3214 720 3277 sutura
733 3220 814 3293 esse)
828 3228 926 3279 tamen
941 3222 1049 3300 cupide
1058 3223 1163 3281 tacturi
1180 3241 1283 3301 pacem
1297 3222 1360 3283 iue-

260 3305 332 3378 ritis,
343 3306 484 3365 absolvite
497 3307 676 3380 AEschinem,
687 3328 743 3369 uec
757 3329 822 3368 cum
834 3321 877 3370 tot
885 3312 1003 3391 flagitiis
1016 3314 1172 3392 perjurium
1182 3316 1360 3394 conjungite.

263 3398 366 3477 Neque
380 3399 455 3457 enim
470 3398 704 3477 vobis'ipjuriam
717 3402 798 3477 facit,
812 3403 864 3465 sed
878 3424 934 3485 ego
951 3405 1075 3477 insanio,
1089 3416 1120 3467 et
1132 3426 1197 3467 sum
1210 3409 1361 3480 attonitus,

261 3488 310 3563 qui
331 3509 398 3547 eum
418 3508 495 3549 nnnc
514 3512 660 3555 accusem.
699 3494 752 3554 Sin
770 3496 868 3556 omnia
881 3497 985 3556 horum
999 3498 1155 3571 contrarie,
1176 3510 1207 3560 et
1220 3500 1312 3560 multa
1331 3513 1362 3560 et

261 3578 389 3655 benigna
402 3580 502 3654 locuti,
517 3582 684 3663 Philippum
697 3589 772 3646 bene
786 3588 861 3647 velle
874 3590 1052 3667 reipublice,
1066 3590 1236 3658 Phocenses
1245 3612 1362 3653 conser-

259 3678 406 3740 vaturum,
419 3668 622 3733 Thebanorum
634 3678 819 3739 insolentiam
833 3700 1041 3760 repressurum,
1055 3684 1125 3761 quin
1137 3684 1287 3744 ultruhoec
1300 3702 1362 3743 ma-

256 3761 322 3837 jora
332 3760 361 3819 in
377 3780 429 3821 vos
448 3760 540 3840 'quam
558 3786 624 3845 quae
637 3788 705 3829 cum
726 3770 893 3852 Amphipoli
906 3774 1084 3835 conferenda
1096 3776 1164 3847 siut,
1179 3774 1363 3847 collaturum,

262 3853 286 3912 si
307 3870 410 3931 pacem
432 3854 625 3947 impetrasset,
640 3858 796 3932 Euboeam,
812 3864 944 3943 Oropum
958 3856 1157 3926 redditurum:
1182 3869 1207 3926 si
1225 3868 1300 3935 haec,
1316 3868 1362 3925 in-

262 3962 361 4022 quam,
375 3945 466 4005 locuti
478 3955 509 4005 et
523 3948 654 4025 polliciti,
668 3954 767 4013 omnia
779 3956 956 4029 fefellerunt,
970 3957 994 4017 si
1008 3958 1108 4018 fucum
1123 3959 1205 4017 vobis
1219 3960 1363 4039 fecerunt,

262 4036 287 4096 si
300 4036 382 4097 vohis
398 4046 509 4097 tuntum
524 4058 583 4099 nou
595 4042 721 4101 Atticam
728 4047 908 4125 eripuerunt,
919 4048 1123 4122 condemnate,
1132 4044 1230 4128 neque
1243 4050 1281 4108 sd
1292 4050 1363 4109 alise

258 4126 352 4187 factas
371 4130 453 4189 vobis
478 4132 817 4213 contumelias,—neque
840 4138 917 4197 enim
939 4160 995 4218 ego
1014 4140 1077 4201 scio
1097 4160 1154 4219 quo
1175 4141 1226 4201 illa
1246 4140 1364 4201 nomine

261 4218 318 4278 alio
339 4220 515 4299 appellanda
537 4222 645 4297 sint-,
666 4235 785 4304 propter
806 4230 926 4292 istorum
945 4233 1138 4312 corruptelas,
1156 4252 1210 4293 vos
1233 4233 1312 4293 dirus
1332 4244 1365 4293 et

261 4311 419 4388 perjurium
433 4316 550 4374 domum
564 4307 719 4396 reportate.

302 4400 352 4461 65.
372 4403 439 4469 Jam
455 4405 528 4467 illud
538 4409 624 4469 etiam
635 4409 890 4487 considerandum,
904 4415 1111 4489 Athenienses,
1120 4435 1231 4495 quanm
1254 4390 1310 4496 ego
1322 4415 1361 4477 de
