2934 5000
416 369 425 376 .
524 309 761 372 PHILIPPICA
782 312 840 373 Ill.
1186 317 1226 376 9⁵
1329 341 1334 350 ·

9 513 10 520 ,
134 463 265 546 nihilque
283 465 486 537 offendebantr
506 465 667 546 iniquibus
686 467 848 528 incolumes
861 467 892 528 in
905 478 1055 547 posterum
1069 479 1168 530 essem
1179 471 1227 530 lu·

135 558 200 630 turI,
213 567 246 617 at
257 577 293 617 ea
311 560 468 638 conjuncta
485 579 552 620 oum
568 559 738 620 offensione.
779 560 878 620 Multo
894 570 992 619 autem
1011 561 1050 620 ad
1065 575 1226 623 extremum

135 669 193 708 non
207 659 267 709 tam
283 651 329 708 vel
348 652 449 730 gratiae
469 672 559 713 causa
570 653 617 712 vel
631 671 683 732 per
700 652 846 713 inscitiam
862 651 947 723 multi
962 647 1158 734 projecerunt,
1173 655 1227 715 sed

133 741 214 820 quod
227 740 329 801 uuiluis
345 734 576 816 succumberent,
589 753 745 822 postquam
757 745 788 804 iu
796 764 910 804 summa
922 764 1017 803 rerum
1028 764 1060 804 se
1070 746 1227 806 deteriores

132 843 250 912 putant.
293 834 383 901 Quod
406 835 494 909 idem,
512 836 554 896 itu
574 855 623 896 me
640 846 719 896 amet
735 837 850 916 Jupiter
867 848 898 896 et
915 836 1037 916 Apollo!
1059 857 1170 910 vereor,
1188 857 1226 898 ne

132 926 216 986 robis
232 926 320 985 etiarn
342 929 467 999 accidat,
484 937 674 1007 posteaquam
692 929 821 988 videritis
837 949 892 988 uos
909 929 1032 989 eonsili0
1048 929 1120 988 nihil
1137 929 1227 1010 proli-

132 1035 215 1076 cere:
238 1020 337 1097 [utque
355 1019 409 1091 illl,
425 1018 475 1098 qui
491 1019 550 1079 hue
569 1037 619 1078 vos
638 1017 788 1079 adducere
806 1030 959 1093 conantur,
974 1040 1033 1081 uon
1053 1041 1100 1080 me
1118 1030 1228 1082 terrent
1280 1017 1285 1026 ’

132 1109 261 1186 quidem,
276 1109 329 1169 sed
342 1111 454 1189 pudore
467 1110 660 1190 perfundunt:
682 1121 734 1170 aut
745 1110 821 1169 enim
840 1111 910 1171 data
922 1131 1011 1191 opera
1022 1121 1075 1172 aut
1086 1133 1182 1174 errore
1197 1115 1228 1174 iu

57 1269 64 1278 ,
130 1200 328 1279 periculosum
341 1201 493 1264 deducunt
512 1213 621 1263 statum
636 1201 867 1282 rempublicam]
908 1203 1017 1264 Verum
1032 1205 1117 1277 absit,
1138 1206 1228 1266 sthe-

130 1293 263 1366 uienses,
278 1303 311 1354 ut
323 1313 370 1354 res
384 1315 420 1355 eo
434 1296 571 1356 redeant:
592 1294 749 1354 morienim
760 1295 863 1354 millies
872 1306 1000 1377 praestat,
1014 1316 1101 1375 quam
1114 1317 1166 1376 per
1180 1317 1228 1358 us·

120 1383 327 1465 ¹sentutionom
343 1385 477 1466 Philippo
491 1388 644 1467 quicquam
656 1385 802 1447 conticere
814 1395 846 1445 et
860 1387 972 1464 ailquos
987 1389 1074 1448 vestri
1092 1387 1230 1450 defenso·

133 1496 182 1535 res
197 1476 331 1556 abjicere.
363 1477 511 1538 Praeclara
524 1499 602 1538 nunc
614 1477 739 1538 Oritauo
752 1477 861 1556 populo
871 1477 964 1536 reluta
976 1488 1022 1538 est
1034 1479 1135 1557 gratia,
1149 1482 1241 1559 quod¹

79 1631 84 1640 ,
132 1567 262 1647 Philippi
276 1569 375 1630 amicis
387 1591 418 1630 se
429 1573 644 1643 commiserunt,
655 1570 831 1650 Euphreeum
841 1580 937 1629 autem
948 1571 1125 1650 expulerunt
1130 1593 1139 1640 ;
1153 1592 1229 1651 prae·

132 1661 216 1720 clara
229 1662 339 1740 populo
349 1662 567 1737 Eretriensium,
581 1664 661 1744 quod
677 1672 789 1722 vestros
803 1662 917 1742 legatos
929 1663 1106 1743 repulerunt,
1122 1664 1229 1725 Clitar-

131 1752 189 1812 elro
203 1772 236 1814 se
250 1752 441 1814 dediderunt:
463 1756 641 1816 serviuntilli
652 1775 733 1826 sane,
748 1755 847 1834 flagris
857 1755 1032 1825 afficiuntur,
1048 1766 1080 1816 et
1093 1768 1229 1839 torqueu-

131 1853 190 1906 tur.
220 1845 376 1908 Praeclare
392 1848 542 1928 Olynthiis
557 1850 695 1929 pepercit,
709 1848 759 1927 qui
775 1847 950 1908 Lasthenem
964 1850 1134 1928 magistrum
1148 1852 1230 1931 equi-

131 1945 196 1996 tum
210 1950 391 2012 creaverunt,
404 1941 611 2020 Apolloniden
624 1960 694 2002 vero
710 1941 868 2021 ejecerunt.
910 1941 1050 2000 Stultitiae
1064 1952 1094 2001 et
1104 1944 1229 2022 ignaviae

132 2040 181 2089 eet
193 2030 265 2090 talia
278 2049 406 2109 sperare,
423 2032 549 2111 dumque
565 2035 695 2112 pessIma
712 2033 835 2092 consilius
848 2034 953 2112 eapitis
965 2044 997 2093 et
1008 2055 1149 2112 nusquam
1164 2037 1229 2097 offi-

132 2114 180 2180 dio
193 2121 276 2198 fungi
289 2122 388 2194 vultis,
405 2124 458 2182 sed
477 2143 528 2182 eos
545 2126 594 2202 qui
610 2125 738 2184 hostium
756 2143 874 2182 causam
893 2133 985 2201 agunt
996 2126 1113 2198 auditis,
1127 2131 1228 2189 urbem

134 2225 218 2276 tanta
229 2215 430 2294 magnitudiue
440 2236 492 2274 vus
506 2217 633 2276 incolere
643 2217 818 2286 existimare,
829 2224 863 2275 ut
871 2227 954 2276 extra
967 2237 1053 2279 omne
1067 2221 1228 2298 periculum

132 2307 223 2388 positi
237 2306 309 2367 sitis.
351 2307 442 2385 Atqui
456 2317 540 2386 turpe
556 2307 644 2368 etiem
661 2307 733 2366 illud
747 2317 805 2377 est,
820 2307 844 2366 si
858 2308 928 2385 quid
941 2320 1010 2388 post
1022 2311 1171 2383 acciderit,
1185 2312 1230 2372 di·
1268 2356 1271 2362 ,

132 2419 211 2472 cere,
226 2399 313 2480 quis
336 2409 512 2479 putasset
532 2399 608 2460 heac
633 2398 778 2460 lutura?
798 2399 1016 2479 potiorem,
1039 2401 1139 2462 illud
1161 2405 1228 2464 uti·

132 2511 206 2572 que
226 2502 340 2571 atque
369 2491 465 2552 illud
486 2492 696 2554 faciendum
725 2506 813 2563 erut,
841 2501 876 2552 et
903 2491 972 2553 hoc
999 2514 1070 2554 uon
1094 2495 1230 2558 lacien-

133 2586 180 2647 du
188 2604 232 2667 m..
249 2585 347 2647 Multa
355 2606 435 2647 nuuc
444 2586 540 2647 dicere
548 2588 664 2666 possint
673 2585 816 2665 Olynthii,
830 2604 896 2665 quta
905 2594 968 2645 tum
979 2586 1003 2645 si
1019 2588 1230 2665 praevidissent,

131 2696 192 2739 non
201 2678 354 2757 periiseut:
363 2678 456 2739 multa
464 2679 565 2752 Oritae,
576 2678 667 2738 multa
675 2678 856 2750 Phocenses,
865 2678 956 2738 multa
963 2681 1127 2757 quicunque
1137 2685 1232 2761 perle-

133 2782 212 2833 runt.
230 2772 288 2833 Sed
294 2773 431 2852 quidnam
438 2773 502 2835 htec
511 2775 553 2833 eis
562 2772 702 2852 prosunt?
712 2772 795 2831 Dum
804 2772 957 2831 incolumis
966 2782 1013 2832 est
1021 2774 1115 2847 navis,
1126 2776 1185 2835 sive
1194 2796 1231 2838 ea

132 2865 225 2943 major
235 2865 296 2925 sive
306 2864 399 2924 minor
410 2866 457 2937 sit,
467 2876 529 2925 tum
539 2866 626 2925 decet
634 2874 665 2925 et
673 2851 795 2923 nautam
804 2875 835 2925 et
843 2864 1064 2942 gubernatorem
1074 2876 1105 2927 et
1114 2886 1229 2928 omnem

133 2974 188 3034 per
200 2956 331 3019 ordinem
341 2958 433 3017 uirum
445 2968 512 3019 esse
525 2959 659 3028 alacrem,
676 2966 768 3035 utque
778 2946 833 3016 neo
843 2957 882 3015 de
894 2956 1039 3017 industria
1051 2978 1107 3018 nec
1120 2961 1229 3040 impru-

134 3048 210 3107 dens
223 3049 377 3127 quisquam
393 3069 456 3109 eam
474 3060 595 3123 evertat,
608 3048 780 3131 providere:
800 3060 956 3127 postquam
968 3069 1038 3109 vero
1048 3070 1128 3111 mare
1143 3071 1230 3131 supe·

135 3139 252 3211 raverit,
276 3138 362 3200 inune
382 3152 428 3201 est
441 3142 578 3201 studium.
620 3140 718 3208 Quare
733 3160 924 3219 uosquoque,
942 3142 1148 3212 Athenienses,
1160 3144 1230 3203 dum

132 3249 238 3317 sumus
250 3230 419 3303 Incolumes,
434 3232 505 3291 dum
519 3235 616 3292 urbem
630 3224 784 3291 maximam
799 3230 953 3301 habemus,
973 3232 1043 3291 dum
1062 3235 1229 3311 opportuni-

131 3332 209 3385 tates
220 3323 371 3403 plurimas,
386 3325 456 3383 dum
469 3324 709 3385 existimatIonem
718 3323 963 3384 honestissimam.
1004 3326 1084 3389 Quid
1098 3344 1229 3404 mutus,

125 3414 303 3499 jamdudum
317 3416 420 3495 aliquis
435 3418 464 3475 in
484 3416 542 3475 hoc
558 3436 698 3477 consessu
715 3416 838 3476 libenter
854 3416 983 3474 fortassis
998 3429 1121 3494 rogaret
1163 3418 1229 3497 Ego

132 3509 264 3588 profecto
273 3508 380 3580 dicam,
388 3519 477 3589 utque
487 3511 575 3569 etiam
589 3509 738 3569 decretum
747 3508 903 3588 proferam,
915 3516 949 3567 ut
959 3508 1103 3589 suffragiis
1114 3514 1229 3580 vestris,

132 3602 159 3662 si
172 3601 285 3674 voletIs,
298 3602 329 3659 id
341 3602 488 3685 sauciatis.

175 3696 221 3753 15.
245 3692 304 3772 Ipsi
317 3693 345 3751 in
359 3694 456 3772 primis
474 3694 530 3753 vim
543 3692 747 3773 propulsantes
759 3702 790 3751 et
800 3692 943 3765 instructi,
958 3694 1120 3757 triremibus
1132 3704 1164 3755 et
1176 3716 1228 3775 pe-

132 3786 224 3846 cuniis
245 3796 277 3845 et
291 3784 428 3846 militibus
442 3786 527 3854 dleo;
556 3786 663 3846 etenim
678 3786 702 3845 si
724 3784 773 3845 alii
787 3784 910 3845 universi
928 3788 958 3846 iu
976 3788 1142 3847 servitutem
1157 3806 1228 3848 con·

132 3876 270 3951 sentiant,
290 3878 375 3937 nobis
390 3888 467 3938 certe
481 3898 534 3958 pro
551 3878 682 3938 libertate
702 3876 874 3938 certandum
894 3886 957 3937 est:
981 3878 1045 3937 haec
1065 3878 1163 3957 igitur,
1183 3878 1228 3939 iu-

115 3990 232 4048 quam,
246 3969 343 4029 omnis
356 3969 404 4029 ubi
425 3969 481 4050 ipsi
500 3969 718 4029 instruxerimus
733 3977 765 4030 et
777 3968 889 4029 Grrecis
903 3969 1127 4040 ostenderimus,
1141 3980 1229 4058 orete-

133 4082 181 4123 ros
189 4066 253 4137 jam
266 4080 471 4134 convocemus,
486 4062 576 4141 etqui
589 4062 653 4132 hmo
666 4061 798 4123 edocturi
811 4062 871 4121 sint
883 4062 998 4140 legatos
1011 4059 1120 4139 passim
1131 4059 1228 4123 dimit-

123 4163 240 4225 ·tamus,
253 4154 283 4214 in
297 4154 542 4243 Peloponnesum,
553 4156 583 4213 in
598 4152 748 4228 Rhodum,
762 4152 793 4213 iu
807 4154 924 4224 Chium,
938 4152 986 4236 ud¹
995 4170 1093 4231 regem
1107 4153 1227 4234 inquam

130 4248 355 4324 -nequeenim
370 4248 407 4307 ub
420 4247 495 4307 illius
511 4248 668 4307 rationibus
689 4248 834 4319 abhorret,
848 4264 886 4305 ne
898 4246 987 4303 istum
1000 4254 1131 4306 evertere
1149 4249 1227 4311 siua-

132 4356 197 4397 mus
211 4339 390 4407 omuIa—ut,
402 4340 426 4399 si
438 4338 649 4419 percusseritis,
663 4338 760 4399 socios
768 4348 800 4397 et
806 4336 999 4416 periculorum
1010 4346 1041 4396 et
1049 4350 1228 4419 sumptuum,

133 4430 159 4491 ei
173 4431 358 4511 oportuerit,
377 4432 518 4506 hebenus,
535 4430 581 4493 eiu
600 4430 706 4504 minus,
721 4448 833 4490 moram
856 4429 961 4491 saltem
981 4430 1067 4494 rebus
1080 4432 1227 4511 injiciatis.
