2934 5000
510 323 746 388 PHILIPPICA
768 327 820 386 IV.
1155 329 1212 386 los

121 492 175 555 pro
187 474 332 558 Phiiippo.
375 477 478 557 Itsqne
492 479 613 542 istorum
633 480 722 559 eliqui
735 500 753 540 e
766 481 907 542 mendicis
920 491 1040 562 repente
1059 482 1129 542 facti
1142 491 1212 542 sunt

119 563 242 646 divitem
257 589 294 628 ex
303 567 480 648 ignobilibus
490 580 521 630 et
532 572 676 646 obscuris,
686 572 758 632 cleri
771 583 860 652 etque
869 573 1017 634 illustres:
1032 591 1085 632 sos
1096 584 1209 642 contre,

113 657 237 719 eclnris
251 661 378 733 obscuri,
400 681 418 721 e
436 663 630 741 locupletibus
653 673 793 742 egentes:
813 683 883 724 nem
905 664 1078 745 reipublicae·
1092 663 1210 743 quidem

113 767 262 830 opesego
273 773 339 813 esse
352 753 496 828 existimo,
510 755 614 827 socios,
632 754 731 828 fldem,
749 757 992 829 benevolentiam,
1013 757 1139 835 quornm
1149 757 1212 815 'ros

116 843 250 903 omnium
264 845 335 906 estis
349 845 470 926 Inopes:
490 866 557 925 quse
568 847 640 926 quia
652 847 813 927 negligitis,
827 859 859 908 st
870 849 910 908 sd
922 849 1010 909 istum
1029 849 1149 910 modum
1161 867 1218 907 res

116 931 187 994 ferri
199 935 310 1009 sinitisr
323 946 358 998 ut
375 938 425 999 ille
437 939 541 1000 beatus
554 948 586 999 et
597 957 720 1017 msgm
744 950 776 999 et
787 940 991 1001 formidolosus
1009 951 1058 1000 sst
1074 939 1208 998 omnibus

119 1022 233 1086 Grecis
252 1037 293 1112 ²⁸,
304 1030 453 1098 bsrbnrisr
474 1029 518 1090 its
535 1049 587 1090 vos
605 1029 713 1090 deserti
735 1040 769 1091 et
791 1030 923 1105 humiles,
942 1051 1039 1092 rerum
1064 1031 1210 1092 venalium

116 1117 252 1211 ubertate
266 1122 422 1202 splendidi,
436 1142 537 1184 eornm
550 1133 691 1202 sppsrstu
705 1142 773 1202 quse
784 1141 858 1202 opus
871 1135 956 1185 erunt
965 1125 1089 1184 ridiculi.

162 1212 215 1292 17„
238 1211 307 1273 Non
334 1225 431 1274 sutem
458 1214 562 1274 eodem
589 1213 678 1274 modo
699 1214 782 1273 vobis
805 1225 836 1274 et
857 1215 1041 1296 sibimetipsis
1064 1211 1209 1295 quosdam
1274 1226 1277 1235 '

115 1311 248 1366 oratores
268 1305 419 1366 consulere
442 1307 544 1366 video:
566 1306 648 1366 vobis
671 1305 749 1366 enim
774 1305 985 1384 quiescendum
1007 1326 1073 1367 esse
1097 1307 1209 1376 dicunt,

116 1395 232 1454 etiamsi
241 1397 385 1458 violemini
398 1423 406 1468 t
426 1399 481 1478 ipsi
494 1419 563 1458 vero
574 1398 651 1476 spud
659 1417 710 1459 vos
721 1398 872 1478 quiescere
882 1418 943 1458 non
950 1411 1083 1479 possunt,
1093 1399 1210 1460 tsmetsi

115 1505 206 1546 nemo
219 1487 260 1548 eis
273 1489 405 1568 injuriam
420 1491 517 1552 iaciat.
558 1491 734 1570 Quanquam
748 1491 774 1549 si
785 1492 851 1568 quIs
865 1491 939 1550 citm
947 1491 1110 1550 convicium
1118 1500 1211 1569 roget,

119 1577 179 1636 Dic
192 1579 273 1653 mibi,
286 1584 484 1659 quomobrem,
499 1603 567 1645 cum
588 1583 772 1663 exploratum
790 1583 911 1654 bsbess,
925 1583 1211 1657 ArIstodeme,-ne·

116 1689 169 1729 mo
182 1672 259 1732 enim
272 1673 341 1734 tolia
351 1674 550 1753 ignoret-ut
564 1676 739 1755 prisstornm
751 1675 902 1735 hominnm
914 1677 1002 1737 situm
1023 1695 1099 1748 esse,
1118 1686 1212 1736 tutam

118 1771 149 1820 et
162 1762 287 1824 otiosam
307 1775 338 1826 et
349 1777 433 1828 extra
445 1767 603 1846 pericnlum
617 1767 764 1848 positsmr
783 1766 827 1828 sic
840 1786 940 1828 eorum
953 1769 1004 1846 qni
1015 1776 1169 1827 versantur
1181 1769 1211 1827 iu

117 1855 276 1933 republica,
289 1857 534 1920 criminationibus
548 1861 703 1921 obnoxiam
724 1872 756 1921 et
776 1860 919 1920 lubricsnr
932 1871 963 1920 et
976 1859 1211 1938 quotidianorum

117 1948 308 2008 certsminum
322 1951 505 2012 etmalorum
518 1951 646 2032 plenem,
661 1972 720 2014 uon
734 1956 864 2034 quietum
878 1965 908 2012 et
921 1951 1055 2024 otiosam,
1068 1951 1122 2012 sed
1136 1953 1211 2030 peri·

118 2037 262 2112 culossm,
272 2042 477 2120 amplecteris?
496 2044 568 2122 qnid
578 2046 776 2124 respondens?
817 2046 895 2104 Nem
916 2043 951 2115 si,
972 2044 1051 2123 quod
1070 2044 1210 2123 optimum

119 2127 219 2188 dicere
231 2149 345 2208 posses,
359 2131 389 2190 id
402 2143 433 2192 tc
442 2152 510 2192 rere
523 2134 619 2194 dicere
632 2137 871 2208 concederemus,
885 2130 920 2194 ¹te
937 2135 1056 2195 honoris
1068 2146 1098 2195 et
1110 2133 1211 2214 giorire

119 2221 219 2281 studio
232 2221 291 2283 ists
310 2223 407 2284 iecere
425 2224 534 2296 omnis,
554 2225 678 2286 demiror
697 2228 844 2306 equidem,
856 2245 911 2286 cnr
922 2227 973 2284 tibi
987 2227 1107 2286 istorum
1121 2247 1211 2288 csusa

118 2313 437 2378 fsciendsesseomnia
449 2337 687 2397 censeamusque
701 2319 793 2377 ulium
802 2319 849 2378 rel
858 2317 986 2378 Isborem
995 2316 1042 2377 vel
1051 2317 1209 2397 periculum

117 2407 333 2478 recusandum
356 2411 465 2491 reipub.
479 2420 574 2470 sutem
590 2409 629 2470 sis
644 2419 755 2483 auctor,
766 2410 832 2470 bsec
844 2428 897 2488 per
906 2407 1071 2468 socordiam
1085 2419 1117 2468 nt
1128 2411 1213 2469 smit-

118 2498 184 2560 tati
225 2499 329 2581 Neque
342 2503 420 2563 enim
433 2502 506 2563 illud
522 2503 612 2577 dices,
626 2512 656 2563 te
678 2514 809 2583 oportere
831 2503 860 2561 in
886 2502 987 2581 repub.
1007 2520 1073 2561 esse
1094 2502 1211 2581 conspi-

120 2612 219 2666 cunm,
228 2594 341 2674 reipub.
352 2594 461 2655 nulism
469 2615 535 2657 esse
546 2605 681 2674 oportere
689 2594 769 2675 spnd
779 2592 1091 2670 Groecosdignitstem.
1132 2593 1212 2659 Quin

119 2704 175 2744 nec
189 2686 262 2745 iIInd
275 2686 372 2760 video,
386 2688 496 2767 reipub.
510 2696 605 2747 tntum
619 2706 684 2750 esse
697 2705 783 2746 snum
793 2705 881 2765 ogere
901 2684 1059 2763 negotium,
1072 2685 1125 2743 tibi
1135 2686 1211 2764 peri·

119 2778 263 2849 culorum,
277 2780 301 2840 si
315 2778 405 2839 nihilo
419 2780 521 2858 magis,
533 2798 620 2858 quam
634 2779 693 2852 ulii,
710 2778 841 2839 curiosus
853 2777 904 2837 sis.
945 2776 1008 2835 Imo
1021 2788 1137 2844 contra:
1159 2778 1212 2837 tibi

119 2870 256 2931 exsectis
270 2872 326 2931 tuis
337 2881 367 2932 et
381 2870 549 2931 curiositate
563 2880 693 2931 extreme
705 2869 872 2950 impendere
890 2867 1028 2947 pericula,
1049 2865 1161 2946 reipub.
1174 2888 1212 2929 ex

120 2961 191 3023 otio.
233 2963 274 3021 At
285 2962 403 3023 hercule
417 2972 462 3023 est
479 2962 530 3023 tibi
554 2964 631 3021 avite
654 2972 685 3023 et
704 2962 800 3042 petris
822 2960 922 3039 glotis,
944 2978 1031 3042 quem
1055 2960 1106 3018 tibi
1126 2969 1211 3039 turpe

119 3054 208 3113 fucrit
220 3055 361 3114 amittere.
402 3054 581 3135 Reipublicss
595 3074 664 3114 vero
679 3055 777 3114 omnis
790 3056 914 3114 obscura
925 3063 957 3112 et
967 3052 1106 3130 ignobilis
1120 3070 1138 3111 n
1151 3072 1212 3111 ma-

114 3146 231 3227 joribus
244 3146 443 3206 devenerunt?
484 3145 544 3205 Sed
562 3166 599 3204 ne
624 3146 680 3205 hoc
694 3147 811 3226 quidem
833 3146 875 3205 ite
898 3164 930 3203 se
952 3144 1058 3203 hsbct:
1078 3160 1145 3202 nem
1159 3145 1212 3205 tibi

119 3237 243 3316 quidem
257 3237 303 3295 iur
315 3250 397 3315 pater
411 3237 475 3311 init,
490 3238 515 3297 si
528 3239 571 3297 tui
584 3238 639 3297 brit
652 3238 773 3305 similis;
793 3236 865 3316 reip.
881 3254 950 3295 vero
963 3245 1070 3293 nostrie
1084 3238 1213 3311 eJ'nsnodi

118 3334 249 3407 majores,
263 3332 354 3406 quater
368 3348 469 3389 omnes
484 3338 592 3389 norunt
605 3328 713 3401 Grreci,
724 3329 772 3389 bis
785 3349 803 3388 e
816 3327 949 3387 msximis
962 3324 1097 3403 periculis
1116 3344 1136 3384 n
1158 3347 1211 3407 ps·

119 3422 213 3481 tribus
228 3421 333 3481 nostris
347 3422 447 3499 erepti.
490 3418 550 3479 Sed
564 3438 624 3480 non
637 3438 723 3499 oequs
737 3418 914 3488 conditione,
932 3436 987 3476 nec
1004 3414 1126 3477 civiliter
1137 3437 1212 3478 non,

119 3512 193 3574 nulli
208 3530 277 3572 suss
291 3512 416 3571 rationes
434 3521 464 3571 et
477 3511 609 3591 pubIIcss
621 3520 855 3592 persequuntur:
876 3508 926 3587 qni
940 3507 1016 3569 enim
1031 3526 1146 3587 equum
1157 3521 1212 3583 est,

120 3606 243 3665 istorum
265 3604 408 3682 quosdam
421 3624 437 3663 e
451 3622 571 3663 carcere
586 3620 766 3683 progressos,
780 3601 950 3681 semetipsos
963 3600 1115 3679 ignomre3
1136 3622 1212 3665 rem.

120 3702 191 3780 pub.
206 3708 314 3772 entem,
337 3718 403 3779 qum
427 3698 540 3760 coeteris
561 3696 674 3759 Graecis
691 3698 835 3761 hacteuus
854 3696 978 3777 prefuit,
1002 3704 1033 3755 et
1052 3697 1210 3778 principem

119 3794 218 3854 locum
232 3792 365 3865 obtinuit,
377 3812 453 3851 nunc
467 3792 497 3851 in
508 3790 686 3852 obscuritate
698 3790 776 3850 omni
789 3800 819 3849 et
827 3788 989 3849 humilitate
999 3786 1130 3848 versarii

164 3889 212 3947 18.
233 3886 298 3947 Etsi
311 3894 408 3946 sutem
422 3885 516 3945 babeo
531 3894 672 3963 prseteren
690 3902 758 3962 qum
781 3882 876 3941 dicem
889 3880 983 3941 mults
995 3890 1025 3940 et
1045 3878 1084 3943 de
1103 3880 1213 3953 multis,

121 3981 274 4041 desinam:
288 3998 383 4057 neque
392 3977 469 4037 enim
480 3956 600 4056 penitis
609 3978 763 4035 verborum
772 3975 818 4037 rel
828 3994 916 4045 nunc,
930 3974 976 4033 rei
991 3990 1119 4049 unquam
1128 3969 1211 4044 elias,

121 4072 217 4133 mslus
229 4070 297 4131 mibi
307 4090 403 4131 rerum
417 4090 482 4129 esse
491 4077 583 4129 ststus
596 4068 724 4137 videtur,
745 4067 799 4127 sed
808 4086 876 4127 curn
888 4085 940 4125 ros
949 4063 1100 4125 audivistis
1113 4063 1212 4124 omnis

122 4188 189 4246 quic
199 4165 366 4247 expediunt,
379 4174 410 4225 et
427 4166 507 4243 ineo
520 4163 701 4236 consentitis,
713 4184 750 4224 en
763 4174 839 4224 recte
852 4162 922 4233 dici,
934 4178 995 4230 eos,
1007 4159 1058 4237 qui
1076 4158 1212 4219 intertur-

121 4262 194 4319 bsre
206 4258 257 4317 ills
275 4268 305 4317 et
316 4267 477 4338 pervertere
492 4257 622 4327 student,
637 4276 674 4315 ex
693 4274 779 4333 equo
800 4255 830 4314 in
852 4254 909 4313 hoc
933 4270 1072 4311 consessu
1093 4252 1212 4322 tuditis,

123 4370 191 4411 cum
203 4368 265 4411 non
280 4350 415 4430 ignoretis
430 4370 480 4411 eos
489 4368 555 4419 ;-e
569 4348 663 4428 primo
685 4348 763 4409 enim
784 4344 924 4424 adspectu
939 4352 1020 4403 certo
1039 4343 1130 4419 scitis,
1145 4345 1211 4423 quis
