<?xml version="1.0" encoding="UTF-8"?>
<!DOCTYPE html PUBLIC "-//W3C//DTD XHTML 1.0 Transitional//EN"
    "http://www.w3.org/TR/xhtml1/DTD/xhtml1-transitional.dtd">
<html xmlns="http://www.w3.org/1999/xhtml" xml:lang="en" lang="en">
 <head>
  <title>
</title>
<meta http-equiv="Content-Type" content="text/html;charset=utf-8" />
  <meta name='ocr-system' content='tesseract 3.04.00' />
  <meta name='ocr-capabilities' content='ocr_page ocr_carea ocr_par ocr_line ocrx_word'/>
</head>
<body>
  <div class='ocr_page' id='page_1' title='image "./demosthenisetsc09ulpigoog/demosthenisetsc09ulpigoog_0066.png"; bbox 0 0 2934 5000; ppageno 0'>
   <div class='ocr_carea' id='block_1_1' title="bbox 223 333 985 415">
    <p class='ocr_par' dir='ltr' id='par_1_1' title="bbox 223 333 985 415">
     <span class='ocr_line' id='line_1_1' title="bbox 223 333 985 415; baseline -0.013 -9"><span class='ocrx_word' id='word_1_1' title='bbox 223 349 263 408; x_wconf 70' lang='grc'>96</span> <span class='ocrx_word' id='word_1_2' title='bbox 585 336 859 402; x_wconf 79' lang='lat' dir='ltr'>OLYNTHIACA</span> <span class='ocrx_word' id='word_1_3' title='bbox 883 333 985 415; x_wconf 70' lang='lat'><em>101).</em></span> 
     </span>
    </p>
   </div>
   <div class='ocr_carea' id='block_1_2' title="bbox 176 490 1346 4355">
    <p class='ocr_par' dir='ltr' id='par_1_2' title="bbox 225 490 1338 2239">
     <span class='ocr_line' id='line_1_2' title="bbox 225 490 1334 574; baseline -0.012 -12"><span class='ocrx_word' id='word_1_4' title='bbox 225 509 328 562; x_wconf 82' lang='lat' dir='ltr'>oonua</span> <span class='ocrx_word' id='word_1_5' title='bbox 341 493 481 558; x_wconf 85' lang='lat' dir='ltr'>dubitetis</span> <span class='ocrx_word' id='word_1_6' title='bbox 494 493 575 556; x_wconf 85' lang='lat' dir='ltr'>exha</span> <span class='ocrx_word' id='word_1_7' title='bbox 588 503 620 554; x_wconf 88' lang='lat' dir='ltr'>et</span> <span class='ocrx_word' id='word_1_8' title='bbox 631 492 761 573; x_wconf 78' lang='lat' dir='ltr'>seguiter</span> <span class='ocrx_word' id='word_1_9' title='bbox 773 491 929 555; x_wconf 76' lang='lat' dir='ltr'>contentis</span> <span class='ocrx_word' id='word_1_10' title='bbox 942 509 996 571; x_wconf 89' lang='lat' dir='ltr'>pro</span> <span class='ocrx_word' id='word_1_11' title='bbox 1016 490 1088 572; x_wconf 89' lang='lat' dir='ltr'>ipsis</span> <span class='ocrx_word' id='word_1_12' title='bbox 1097 490 1203 550; x_wconf 86' lang='lat' dir='ltr'>restris</span> <span class='ocrx_word' id='word_1_13' title='bbox 1212 507 1334 574; x_wconf 84' lang='lat' dir='ltr'>passes-</span> 
     </span>
     <span class='ocr_line' id='line_1_3' title="bbox 229 581 1334 666; baseline -0.01 -13"><span class='ocrx_word' id='word_1_14' title='bbox 229 593 378 654; x_wconf 87' lang='lat' dir='ltr'>sionibus:</span> <span class='ocrx_word' id='word_1_15' title='bbox 400 599 430 649; x_wconf 88' lang='lat' dir='ltr'>et</span> <span class='ocrx_word' id='word_1_16' title='bbox 442 605 510 648; x_wconf 86' lang='lat' dir='ltr'>eum</span> <span class='ocrx_word' id='word_1_17' title='bbox 523 606 602 666; x_wconf 75' lang='lat' dir='ltr'>sepe</span> <span class='ocrx_word' id='word_1_18' title='bbox 616 585 689 646; x_wconf 88' lang='lat' dir='ltr'>alios</span> <span class='ocrx_word' id='word_1_19' title='bbox 704 585 898 656; x_wconf 74' lang='lat' dir='ltr'>servaveritis,</span> <span class='ocrx_word' id='word_1_20' title='bbox 913 602 973 663; x_wconf 91' lang='lat' dir='ltr'>qua</span> <span class='ocrx_word' id='word_1_21' title='bbox 984 583 1145 654; x_wconf 78' lang='lat' dir='ltr'>universos,</span> <span class='ocrx_word' id='word_1_22' title='bbox 1155 602 1216 662; x_wconf 88' lang='lat' dir='ltr'>qua</span> <span class='ocrx_word' id='word_1_23' title='bbox 1228 581 1334 662; x_wconf 82' lang='lat' dir='ltr'>siugu-</span> 
     </span>
     <span class='ocr_line' id='line_1_4' title="bbox 227 674 1336 758; baseline -0.008 -14"><span class='ocrx_word' id='word_1_24' title='bbox 227 684 284 757; x_wconf 87' lang='lat' dir='ltr'>los,</span> <span class='ocrx_word' id='word_1_25' title='bbox 295 681 399 743; x_wconf 82' lang='lat' dir='ltr'>restris</span> <span class='ocrx_word' id='word_1_26' title='bbox 408 678 519 742; x_wconf 88' lang='lat' dir='ltr'>amissis</span> <span class='ocrx_word' id='word_1_27' title='bbox 529 679 634 758; x_wconf 88' lang='lat' dir='ltr'>opibus</span> <span class='ocrx_word' id='word_1_28' title='bbox 644 676 815 738; x_wconf 78' lang='lat' dir='ltr'>desidentis.</span> <span class='ocrx_word' id='word_1_29' title='bbox 837 675 914 735; x_wconf 84' lang='lat' dir='ltr'>Hrec</span> <span class='ocrx_word' id='word_1_30' title='bbox 927 676 1034 736; x_wconf 89' lang='lat' dir='ltr'>miror:</span> <span class='ocrx_word' id='word_1_31' title='bbox 1049 685 1137 755; x_wconf 89' lang='lat' dir='ltr'>atque</span> <span class='ocrx_word' id='word_1_32' title='bbox 1147 674 1220 736; x_wconf 90' lang='lat' dir='ltr'>illud</span> <span class='ocrx_word' id='word_1_33' title='bbox 1233 676 1336 748; x_wconf 74' lang='lat' dir='ltr'>edam,</span> 
     </span>
     <span class='ocr_line' id='line_1_5' title="bbox 228 767 1337 856; baseline -0.009 -19"><span class='ocrx_word' id='word_1_34' title='bbox 228 777 255 838; x_wconf 92' lang='lat' dir='ltr'>si</span> <span class='ocrx_word' id='word_1_35' title='bbox 267 785 395 836; x_wconf 75' lang='lat' dir='ltr'>seruum</span> <span class='ocrx_word' id='word_1_36' title='bbox 405 791 492 835; x_wconf 89' lang='lat' dir='ltr'>nemo</span> <span class='ocrx_word' id='word_1_37' title='bbox 505 783 639 851; x_wconf 87' lang='lat' dir='ltr'>reputare</span> <span class='ocrx_word' id='word_1_38' title='bbox 654 770 762 849; x_wconf 91' lang='lat' dir='ltr'>possit,</span> <span class='ocrx_word' id='word_1_39' title='bbox 775 768 981 843; x_wconf 68' lang='lat' dir='ltr'>Athenienses,</span> <span class='ocrx_word' id='word_1_40' title='bbox 999 778 1110 856; x_wconf 75' lang='lat' dir='ltr'>quanm</span> <span class='ocrx_word' id='word_1_41' title='bbox 1123 767 1185 849; x_wconf 90' lang='lat' dir='ltr'>jam</span> <span class='ocrx_word' id='word_1_42' title='bbox 1200 781 1337 849; x_wconf 86' lang='lat' dir='ltr'>tempora</span> 
     </span>
     <span class='ocr_line' id='line_1_6' title="bbox 228 860 1336 945; baseline -0.009 -15"><span class='ocrx_word' id='word_1_43' title='bbox 228 887 298 930; x_wconf 87' lang='lat' dir='ltr'>cum</span> <span class='ocrx_word' id='word_1_44' title='bbox 311 865 446 945; x_wconf 93' lang='lat' dir='ltr'>Philippo</span> <span class='ocrx_word' id='word_1_45' title='bbox 454 864 562 925; x_wconf 89' lang='lat' dir='ltr'>bellum</span> <span class='ocrx_word' id='word_1_46' title='bbox 577 861 696 942; x_wconf 84' lang='lat' dir='ltr'>geratis,</span> <span class='ocrx_word' id='word_1_47' title='bbox 707 860 836 940; x_wconf 89' lang='lat' dir='ltr'>quidque</span> <span class='ocrx_word' id='word_1_48' title='bbox 841 861 927 921; x_wconf 78' lang='lat' dir='ltr'>robis</span> <span class='ocrx_word' id='word_1_49' title='bbox 936 861 1110 921; x_wconf 75' lang='lat' dir='ltr'>facientibus</span> <span class='ocrx_word' id='word_1_50' title='bbox 1119 879 1208 920; x_wconf 88' lang='lat' dir='ltr'>omne</span> <span class='ocrx_word' id='word_1_51' title='bbox 1216 860 1249 919; x_wconf 92' lang='lat' dir='ltr'>id</span> <span class='ocrx_word' id='word_1_52' title='bbox 1258 869 1336 920; x_wconf 90' lang='lat' dir='ltr'>tem·</span> 
     </span>
     <span class='ocr_line' id='line_1_7' title="bbox 227 951 1338 1041; baseline -0.01 -21"><span class='ocrx_word' id='word_1_53' title='bbox 227 980 284 1041; x_wconf 91' lang='lat' dir='ltr'>pus</span> <span class='ocrx_word' id='word_1_54' title='bbox 297 955 476 1040; x_wconf 74' lang='lat' dir='ltr'>praeterierit.</span> <span class='ocrx_word' id='word_1_55' title='bbox 516 955 617 1016; x_wconf 86' lang='lat' dir='ltr'>Nostis</span> <span class='ocrx_word' id='word_1_56' title='bbox 630 953 707 1026; x_wconf 79' lang='lat' dir='ltr'>enim</span> <span class='ocrx_word' id='word_1_57' title='bbox 720 954 778 1012; x_wconf 87' lang='lat' dir='ltr'>hoo</span> <span class='ocrx_word' id='word_1_58' title='bbox 786 952 906 1025; x_wconf 81' lang='lat' dir='ltr'>scilieet,</span> <span class='ocrx_word' id='word_1_59' title='bbox 913 953 1098 1013; x_wconf 85' lang='lat' dir='ltr'>cessantibus</span> <span class='ocrx_word' id='word_1_60' title='bbox 1105 951 1338 1030; x_wconf 75' lang='lat' dir='ltr'>uobismetipsis,</span> 
     </span>
     <span class='ocr_line' id='line_1_8' title="bbox 228 1045 1336 1132; baseline -0.011 -16"><span class='ocrx_word' id='word_1_61' title='bbox 228 1054 302 1116; x_wconf 89' lang='lat' dir='ltr'>alios</span> <span class='ocrx_word' id='word_1_62' title='bbox 317 1051 462 1132; x_wconf 89' lang='lat' dir='ltr'>quosdam</span> <span class='ocrx_word' id='word_1_63' title='bbox 484 1068 546 1110; x_wconf 88' lang='lat' dir='ltr'>rem</span> <span class='ocrx_word' id='word_1_64' title='bbox 568 1058 706 1128; x_wconf 80' lang='lat' dir='ltr'>gesturos</span> <span class='ocrx_word' id='word_1_65' title='bbox 729 1047 926 1126; x_wconf 87' lang='lat' dir='ltr'>sperantibus,</span> <span class='ocrx_word' id='word_1_66' title='bbox 948 1045 1014 1106; x_wconf 90' lang='lat' dir='ltr'>aliis</span> <span class='ocrx_word' id='word_1_67' title='bbox 1035 1045 1109 1106; x_wconf 85' lang='lat' dir='ltr'>ulios</span> <span class='ocrx_word' id='word_1_68' title='bbox 1133 1045 1336 1126; x_wconf 73' lang='lat' dir='ltr'>culpantibus,</span> 
     </span>
     <span class='ocr_line' id='line_1_9' title="bbox 229 1135 1338 1226; baseline -0.009 -18"><span class='ocrx_word' id='word_1_69' title='bbox 229 1149 259 1208; x_wconf 92' lang='grc' dir='ltr'>ιιι</span> <span class='ocrx_word' id='word_1_70' title='bbox 268 1145 410 1226; x_wconf 87' lang='lat' dir='ltr'>judicium</span> <span class='ocrx_word' id='word_1_71' title='bbox 423 1142 608 1215; x_wconf 78' lang='lat' dir='ltr'>vocantibus,</span> <span class='ocrx_word' id='word_1_72' title='bbox 621 1135 721 1206; x_wconf 76' lang='lat' dir='ltr'>rursus</span> <span class='ocrx_word' id='word_1_73' title='bbox 742 1139 940 1219; x_wconf 73' lang='lat' dir='ltr'>sperantibus,</span> <span class='ocrx_word' id='word_1_74' title='bbox 958 1139 1062 1200; x_wconf 87' lang='lat' dir='ltr'>eadem</span> <span class='ocrx_word' id='word_1_75' title='bbox 1084 1139 1147 1199; x_wconf 80' lang='lat' dir='ltr'>iere</span> <span class='ocrx_word' id='word_1_76' title='bbox 1168 1159 1237 1218; x_wconf 77' lang='lat' dir='ltr'>que</span> <span class='ocrx_word' id='word_1_77' title='bbox 1254 1156 1338 1198; x_wconf 91' lang='lat' dir='ltr'>nnnc</span> 
     </span>
     <span class='ocr_line' id='line_1_10' title="bbox 229 1229 1335 1318; baseline -0.005 -22"><span class='ocrx_word' id='word_1_78' title='bbox 229 1236 394 1318; x_wconf 80' lang='lat' dir='ltr'>agentibus,</span> <span class='ocrx_word' id='word_1_79' title='bbox 413 1235 581 1296; x_wconf 84' lang='lat' dir='ltr'>universum</span> <span class='ocrx_word' id='word_1_80' title='bbox 600 1243 716 1312; x_wconf 88' lang='lat' dir='ltr'>tempus</span> <span class='ocrx_word' id='word_1_81' title='bbox 746 1231 863 1291; x_wconf 88' lang='lat' dir='ltr'>abiisse.</span> <span class='ocrx_word' id='word_1_82' title='bbox 905 1230 1020 1290; x_wconf 88' lang='lat' dir='ltr'>Deinde</span> <span class='ocrx_word' id='word_1_83' title='bbox 1046 1230 1161 1291; x_wconf 75' lang='lat' dir='ltr'>adeum</span> <span class='ocrx_word' id='word_1_84' title='bbox 1186 1229 1335 1310; x_wconf 85' lang='lat' dir='ltr'>desipitis,</span> 
     </span>
     <span class='ocr_line' id='line_1_11' title="bbox 231 1322 1338 1404; baseline -0.009 -12"><span class='ocrx_word' id='word_1_85' title='bbox 231 1329 437 1400; x_wconf 79' lang='lat' dir='ltr'>Athenienses,</span> <span class='ocrx_word' id='word_1_86' title='bbox 450 1335 485 1386; x_wconf 93' lang='lat' dir='ltr'>ut</span> <span class='ocrx_word' id='word_1_87' title='bbox 497 1325 602 1404; x_wconf 82' lang='lat' dir='ltr'>quibus</span> <span class='ocrx_word' id='word_1_88' title='bbox 615 1322 778 1384; x_wconf 91' lang='lat' dir='ltr'>rationibus</span> <span class='ocrx_word' id='word_1_89' title='bbox 791 1323 956 1384; x_wconf 87' lang='lat' dir='ltr'>esecuudis</span> <span class='ocrx_word' id='word_1_90' title='bbox 965 1322 1096 1383; x_wconf 81' lang='lat' dir='ltr'>adsersre</span> <span class='ocrx_word' id='word_1_91' title='bbox 1109 1343 1157 1385; x_wconf 87' lang='lat' dir='ltr'>rea</span> <span class='ocrx_word' id='word_1_92' title='bbox 1167 1324 1255 1384; x_wconf 78' lang='lat' dir='ltr'>iactae</span> <span class='ocrx_word' id='word_1_93' title='bbox 1265 1330 1338 1383; x_wconf 88' lang='lat' dir='ltr'>sunt</span> 
     </span>
     <span class='ocr_line' id='line_1_12' title="bbox 230 1412 1336 1496; baseline -0.007 -14"><span class='ocrx_word' id='word_1_94' title='bbox 230 1419 366 1492; x_wconf 86' lang='lat' dir='ltr'>civitatis,</span> <span class='ocrx_word' id='word_1_95' title='bbox 380 1419 415 1478; x_wconf 87' lang='grc' dir='ltr'>ιιι</span> <span class='ocrx_word' id='word_1_96' title='bbox 428 1417 501 1496; x_wconf 88' lang='lat' dir='ltr'>ipsis</span> <span class='ocrx_word' id='word_1_97' title='bbox 512 1416 634 1496; x_wconf 86' lang='lat' dir='ltr'>speretis</span> <span class='ocrx_word' id='word_1_98' title='bbox 647 1433 698 1476; x_wconf 88' lang='lat' dir='ltr'>eas</span> <span class='ocrx_word' id='word_1_99' title='bbox 712 1433 748 1474; x_wconf 82' lang='lat' dir='ltr'>ex</span> <span class='ocrx_word' id='word_1_100' title='bbox 760 1412 891 1474; x_wconf 73' lang='lat' dir='ltr'>aduersis</span> <span class='ocrx_word' id='word_1_101' title='bbox 903 1414 965 1474; x_wconf 79' lang='lat' dir='ltr'>iore</span> <span class='ocrx_word' id='word_1_102' title='bbox 975 1415 1143 1475; x_wconf 68' lang='lat' dir='ltr'>secundas?</span> <span class='ocrx_word' id='word_1_103' title='bbox 1183 1415 1225 1474; x_wconf 86' lang='lat' dir='ltr'>At</span> <span class='ocrx_word' id='word_1_104' title='bbox 1237 1433 1336 1493; x_wconf 89' lang='lat' dir='ltr'>neque</span> 
     </span>
     <span class='ocr_line' id='line_1_13' title="bbox 226 1505 1334 1584; baseline -0.011 -8"><span class='ocrx_word' id='word_1_105' title='bbox 226 1511 330 1576; x_wconf 80' lang='lat' dir='ltr'>rationi</span> <span class='ocrx_word' id='word_1_106' title='bbox 343 1517 572 1570; x_wconf 88' lang='lat' dir='ltr'>consentaneum</span> <span class='ocrx_word' id='word_1_107' title='bbox 595 1525 689 1584; x_wconf 88' lang='lat' dir='ltr'>neque</span> <span class='ocrx_word' id='word_1_108' title='bbox 711 1515 823 1565; x_wconf 79' lang='lat' dir='ltr'>nature</span> <span class='ocrx_word' id='word_1_109' title='bbox 844 1505 902 1565; x_wconf 88' lang='lat' dir='ltr'>hoc</span> <span class='ocrx_word' id='word_1_110' title='bbox 922 1514 986 1576; x_wconf 85' lang='lat' dir='ltr'>est;</span> <span class='ocrx_word' id='word_1_111' title='bbox 1007 1506 1102 1567; x_wconf 91' lang='lat' dir='ltr'>multo</span> <span class='ocrx_word' id='word_1_112' title='bbox 1124 1507 1200 1570; x_wconf 86' lang='lat' dir='ltr'>enim</span> <span class='ocrx_word' id='word_1_113' title='bbox 1215 1506 1334 1584; x_wconf 77' lang='lat' dir='ltr'>facilius</span> 
     </span>
     <span class='ocr_line' id='line_1_14' title="bbox 231 1599 1335 1686; baseline -0.008 -16"><span class='ocrx_word' id='word_1_114' title='bbox 231 1607 341 1686; x_wconf 84' lang='lat' dir='ltr'>adepta</span> <span class='ocrx_word' id='word_1_115' title='bbox 353 1613 505 1665; x_wconf 83' lang='lat' dir='ltr'>serrantur</span> <span class='ocrx_word' id='word_1_116' title='bbox 521 1600 628 1671; x_wconf 87' lang='lat' dir='ltr'>omnin,</span> <span class='ocrx_word' id='word_1_117' title='bbox 641 1617 731 1678; x_wconf 90' lang='lat' dir='ltr'>quam</span> <span class='ocrx_word' id='word_1_118' title='bbox 744 1608 970 1678; x_wconf 83' lang='lat' dir='ltr'>comparantur:</span> <span class='ocrx_word' id='word_1_119' title='bbox 990 1608 1022 1659; x_wconf 90' lang='lat' dir='ltr'>et</span> <span class='ocrx_word' id='word_1_120' title='bbox 1035 1619 1115 1660; x_wconf 89' lang='lat' dir='ltr'>nunc</span> <span class='ocrx_word' id='word_1_121' title='bbox 1128 1599 1250 1677; x_wconf 83' lang='lat' dir='ltr'>quidem</span> <span class='ocrx_word' id='word_1_122' title='bbox 1262 1617 1335 1678; x_wconf 88' lang='lat' dir='ltr'>pos-</span> 
     </span>
     <span class='ocr_line' id='line_1_15' title="bbox 232 1688 1335 1771; baseline -0.009 -9"><span class='ocrx_word' id='word_1_123' title='bbox 232 1699 395 1762; x_wconf 86' lang='lat' dir='ltr'>sessionum</span> <span class='ocrx_word' id='word_1_124' title='bbox 408 1704 538 1756; x_wconf 82' lang='lat' dir='ltr'>vetenm</span> <span class='ocrx_word' id='word_1_125' title='bbox 550 1693 632 1771; x_wconf 84' lang='lat' dir='ltr'>quod</span> <span class='ocrx_word' id='word_1_126' title='bbox 646 1699 793 1770; x_wconf 87' lang='lat' dir='ltr'>tueamur,</span> <span class='ocrx_word' id='word_1_127' title='bbox 811 1688 884 1750; x_wconf 88' lang='lat' dir='ltr'>nibil</span> <span class='ocrx_word' id='word_1_128' title='bbox 902 1711 921 1750; x_wconf 91' lang='lat' dir='ltr'>a</span> <span class='ocrx_word' id='word_1_129' title='bbox 942 1691 1022 1752; x_wconf 91' lang='lat' dir='ltr'>bello</span> <span class='ocrx_word' id='word_1_130' title='bbox 1038 1703 1086 1751; x_wconf 85' lang='lat' dir='ltr'>est</span> <span class='ocrx_word' id='word_1_131' title='bbox 1107 1691 1259 1770; x_wconf 87' lang='lat' dir='ltr'>reliquum,</span> <span class='ocrx_word' id='word_1_132' title='bbox 1278 1691 1335 1752; x_wconf 92' lang='lat' dir='ltr'>sed</span> 
     </span>
     <span class='ocr_line' id='line_1_16' title="bbox 231 1781 1335 1867; baseline -0.005 -15"><span class='ocrx_word' id='word_1_133' title='bbox 231 1792 269 1852; x_wconf 93' lang='lat' dir='ltr'>de</span> <span class='ocrx_word' id='word_1_134' title='bbox 279 1792 394 1866; x_wconf 78' lang='lat' dir='ltr'>integro</span> <span class='ocrx_word' id='word_1_135' title='bbox 403 1785 543 1867; x_wconf 77' lang='lat' dir='ltr'>parande</span> <span class='ocrx_word' id='word_1_136' title='bbox 553 1794 640 1845; x_wconf 90' lang='lat' dir='ltr'>sunt:</span> <span class='ocrx_word' id='word_1_137' title='bbox 654 1793 787 1844; x_wconf 89' lang='lat' dir='ltr'>nostrum</span> <span class='ocrx_word' id='word_1_138' title='bbox 796 1781 884 1862; x_wconf 76' lang='lat' dir='ltr'>igitur</span> <span class='ocrx_word' id='word_1_139' title='bbox 892 1783 1060 1863; x_wconf 82' lang='lat' dir='ltr'>ipsorum‘id</span> <span class='ocrx_word' id='word_1_140' title='bbox 1068 1785 1131 1864; x_wconf 87' lang='lat' dir='ltr'>jam</span> <span class='ocrx_word' id='word_1_141' title='bbox 1139 1784 1266 1861; x_wconf 81' lang='lat' dir='ltr'>officium</span> <span class='ocrx_word' id='word_1_142' title='bbox 1277 1795 1335 1846; x_wconf 81' lang='lat' dir='ltr'>est</span> 
     </span>
     <span class='ocr_line' id='line_1_17' title="bbox 237 1874 1336 1956; baseline 0.003 -21"><span class='ocrx_word' id='word_1_143' title='bbox 237 1927 241 1935; x_wconf 93' lang='lat'>.</span> <span class='ocrx_word' id='word_1_144' title='bbox 273 1882 302 1940; x_wconf 89' lang='lat'>9.</span> <span class='ocrx_word' id='word_1_145' title='bbox 324 1880 424 1945; x_wconf 80' lang='lat' dir='ltr'>Quare</span> <span class='ocrx_word' id='word_1_146' title='bbox 438 1875 559 1949; x_wconf 87' lang='lat' dir='ltr'>suadeo,</span> <span class='ocrx_word' id='word_1_147' title='bbox 573 1885 607 1936; x_wconf 91' lang='grc' dir='ltr'>ιιι</span> <span class='ocrx_word' id='word_1_148' title='bbox 622 1874 780 1956; x_wconf 83' lang='lat' dir='ltr'>pecuniam</span> <span class='ocrx_word' id='word_1_149' title='bbox 798 1875 963 1949; x_wconf 80' lang='lat' dir='ltr'>conferatis,</span> <span class='ocrx_word' id='word_1_150' title='bbox 976 1875 1032 1956; x_wconf 93' lang='lat' dir='ltr'>ipsi</span> <span class='ocrx_word' id='word_1_151' title='bbox 1046 1875 1175 1941; x_wconf 85' lang='lat' dir='ltr'>militetis</span> <span class='ocrx_word' id='word_1_152' title='bbox 1188 1877 1336 1952; x_wconf 83' lang='lat' dir='ltr'>alacriter,</span> 
     </span>
     <span class='ocr_line' id='line_1_18' title="bbox 234 1967 1335 2049; baseline -0.002 -16"><span class='ocrx_word' id='word_1_153' title='bbox 234 1973 379 2039; x_wconf 84' lang='lat' dir='ltr'>neminem</span> <span class='ocrx_word' id='word_1_154' title='bbox 391 1969 515 2049; x_wconf 86' lang='lat' dir='ltr'>culpetis</span> <span class='ocrx_word' id='word_1_155' title='bbox 530 1969 698 2048; x_wconf 88' lang='lat' dir='ltr'>prinsquam</span> <span class='ocrx_word' id='word_1_156' title='bbox 712 1985 809 2027; x_wconf 86' lang='lat' dir='ltr'>rerum</span> <span class='ocrx_word' id='word_1_157' title='bbox 821 1977 972 2048; x_wconf 83' lang='lat' dir='ltr'>compotes</span> <span class='ocrx_word' id='word_1_158' title='bbox 992 1967 1066 2043; x_wconf 91' lang='lat' dir='ltr'>sitis,</span> <span class='ocrx_word' id='word_1_159' title='bbox 1075 1980 1111 2028; x_wconf 88' lang='lat' dir='ltr'>ut</span> <span class='ocrx_word' id='word_1_160' title='bbox 1123 1977 1186 2028; x_wconf 93' lang='lat' dir='ltr'>tum</span> <span class='ocrx_word' id='word_1_161' title='bbox 1206 1970 1245 2036; x_wconf 90' lang='lat' dir='ltr'>ab</span> <span class='ocrx_word' id='word_1_162' title='bbox 1259 1971 1335 2049; x_wconf 89' lang='lat' dir='ltr'>ipsis</span> 
     </span>
     <span class='ocr_line' id='line_1_19' title="bbox 231 2058 1335 2145; baseline -0.004 -17"><span class='ocrx_word' id='word_1_163' title='bbox 231 2069 319 2128; x_wconf 89' lang='lat' dir='ltr'>rebus</span> <span class='ocrx_word' id='word_1_164' title='bbox 334 2063 424 2145; x_wconf 79' lang='lat' dir='ltr'>gestis</span> <span class='ocrx_word' id='word_1_165' title='bbox 437 2063 516 2124; x_wconf 81' lang='lat' dir='ltr'>facto</span> <span class='ocrx_word' id='word_1_166' title='bbox 530 2061 652 2138; x_wconf 89' lang='lat' dir='ltr'>judicio,</span> <span class='ocrx_word' id='word_1_167' title='bbox 667 2069 699 2122; x_wconf 88' lang='lat' dir='ltr'>et</span> <span class='ocrx_word' id='word_1_168' title='bbox 714 2059 802 2120; x_wconf 86' lang='lat' dir='ltr'>laude</span> <span class='ocrx_word' id='word_1_169' title='bbox 822 2058 928 2140; x_wconf 75' lang='lat' dir='ltr'>dignos</span> <span class='ocrx_word' id='word_1_170' title='bbox 946 2061 1115 2135; x_wconf 88' lang='lat' dir='ltr'>bonoribus,</span> <span class='ocrx_word' id='word_1_171' title='bbox 1131 2071 1163 2121; x_wconf 90' lang='lat' dir='ltr'>et</span> <span class='ocrx_word' id='word_1_172' title='bbox 1183 2062 1335 2124; x_wconf 84' lang='lat' dir='ltr'>maleficos</span> 
     </span>
     <span class='ocr_line' id='line_1_20' title="bbox 232 2153 1336 2263; baseline -0.002 -45"><span class='ocrx_word' id='word_1_173' title='bbox 232 2157 326 2239; x_wconf 84' lang='lat' dir='ltr'>poenis</span> <span class='ocrx_word' id='word_1_174' title='bbox 354 2153 499 2230; x_wconf 83' lang='lat' dir='ltr'>afficiatis,</span> <span class='ocrx_word' id='word_1_175' title='bbox 527 2173 692 2263; x_wconf 84' lang='lat' dir='ltr'>causasque</span> <span class='ocrx_word' id='word_1_176' title='bbox 710 2171 815 2230; x_wconf 87' lang='lat' dir='ltr'>omnes</span> <span class='ocrx_word' id='word_1_177' title='bbox 835 2154 1009 2232; x_wconf 72' lang='lat' dir='ltr'>negligentia</span> <span class='ocrx_word' id='word_1_178' title='bbox 1033 2153 1200 2258; x_wconf 76' lang='lat' dir='ltr'>praecidatis</span> <span class='ocrx_word' id='word_1_179' title='bbox 1228 2164 1261 2218; x_wconf 89' lang='lat' dir='ltr'>et</span> <span class='ocrx_word' id='word_1_180' title='bbox 1284 2176 1336 2217; x_wconf 86' lang='lat' dir='ltr'>re·</span> 
     </span>
    </p>

    <p class='ocr_par' dir='ltr' id='par_1_3' title="bbox 176 2243 1339 3249">
     <span class='ocr_line' id='line_1_21' title="bbox 234 2243 1338 2350; baseline -0.003 -39"><span class='ocrx_word' id='word_1_181' title='bbox 234 2260 326 2318; x_wconf 88' lang='grc' dir='ltr'>ιιιιιιιι</span> <span class='ocrx_word' id='word_1_182' title='bbox 339 2249 469 2329; x_wconf 89' lang='lat' dir='ltr'>ipsorum</span> <span class='ocrx_word' id='word_1_183' title='bbox 492 2245 683 2309; x_wconf 86' lang='lat' dir='ltr'>omissiones:</span> <span class='ocrx_word' id='word_1_184' title='bbox 705 2243 801 2350; x_wconf 80' lang='lat' dir='ltr'>neqqe</span> <span class='ocrx_word' id='word_1_185' title='bbox 820 2244 901 2320; x_wconf 83' lang='lat' dir='ltr'>enim</span> <span class='ocrx_word' id='word_1_186' title='bbox 924 2245 970 2306; x_wconf 81' lang='lat' dir='ltr'>iss</span> <span class='ocrx_word' id='word_1_187' title='bbox 992 2254 1039 2307; x_wconf 90' lang='lat' dir='ltr'>est</span> <span class='ocrx_word' id='word_1_188' title='bbox 1060 2246 1091 2305; x_wconf 90' lang='lat' dir='ltr'>in</span> <span class='ocrx_word' id='word_1_189' title='bbox 1112 2246 1235 2307; x_wconf 89' lang='lat' dir='ltr'>aliorum</span> <span class='ocrx_word' id='word_1_190' title='bbox 1255 2247 1338 2334; x_wconf 79' lang='lat' dir='ltr'>facta</span> 
     </span>
     <span class='ocr_line' id='line_1_22' title="bbox 234 2326 1336 2446; baseline -0.006 -41"><span class='ocrx_word' id='word_1_191' title='bbox 234 2341 354 2405; x_wconf 84' lang='lat' dir='ltr'>ncerhe&#39;</span> <span class='ocrx_word' id='word_1_192' title='bbox 347 2341 501 2446; x_wconf 80' lang='lat' dir='ltr'>inquirere,</span> <span class='ocrx_word' id='word_1_193' title='bbox 511 2338 594 2400; x_wconf 86' lang='lat' dir='ltr'>nisis</span> <span class='ocrx_word' id='word_1_194' title='bbox 607 2337 835 2417; x_wconf 85' lang='lat' dir='ltr'>vohisimpnmis</span> <span class='ocrx_word' id='word_1_195' title='bbox 846 2347 1008 2418; x_wconf 90' lang='lat' dir='ltr'>suppetant</span> <span class='ocrx_word' id='word_1_196' title='bbox 1019 2337 1117 2398; x_wconf 86' lang='lat' dir='ltr'>omnia</span> <span class='ocrx_word' id='word_1_197' title='bbox 1126 2358 1193 2418; x_wconf 80' lang='lat' dir='ltr'>quse</span> <span class='ocrx_word' id='word_1_198' title='bbox 1206 2326 1336 2418; x_wconf 85' lang='lat' dir='ltr'>oportet.</span> 
     </span>
     <span class='ocr_line' id='line_1_23' title="bbox 176 2429 1335 2513; baseline -0.002 -17"><span class='ocrx_word' id='word_1_199' title='bbox 176 2502 178 2510; x_wconf 26' lang='grc' dir='ltr'>ι</span> <span class='ocrx_word' id='word_1_200' title='bbox 234 2435 315 2509; x_wconf 85' lang='lat' dir='ltr'>Quid</span> <span class='ocrx_word' id='word_1_201' title='bbox 325 2434 404 2495; x_wconf 86' lang='lat' dir='ltr'>enirn</span> <span class='ocrx_word' id='word_1_202' title='bbox 417 2451 513 2494; x_wconf 74' lang='lat' dir='ltr'>cause</span> <span class='ocrx_word' id='word_1_203' title='bbox 526 2433 636 2513; x_wconf 80' lang='lat' dir='ltr'>putatis</span> <span class='ocrx_word' id='word_1_204' title='bbox 645 2447 724 2505; x_wconf 86' lang='lat' dir='ltr'>esse</span> <span class='ocrx_word' id='word_1_205' title='bbox 735 2429 944 2504; x_wconf 79' lang='lat' dir='ltr'>Athenienses,</span> <span class='ocrx_word' id='word_1_206' title='bbox 955 2449 1008 2490; x_wconf 88' lang='lat' dir='ltr'>our</span> <span class='ocrx_word' id='word_1_207' title='bbox 1017 2429 1135 2511; x_wconf 79' lang='lat' dir='ltr'>fugiant</span> <span class='ocrx_word' id='word_1_208' title='bbox 1147 2431 1266 2511; x_wconf 90' lang='lat' dir='ltr'>quidem</span> <span class='ocrx_word' id='word_1_209' title='bbox 1276 2431 1335 2494; x_wconf 86' lang='lat' dir='ltr'>hoo</span> 
     </span>
     <span class='ocr_line' id='line_1_24' title="bbox 234 2522 1339 2605; baseline -0.006 -13"><span class='ocrx_word' id='word_1_210' title='bbox 234 2530 453 2591; x_wconf 90' lang='lat' dir='ltr'>bellumomnes</span> <span class='ocrx_word' id='word_1_211' title='bbox 466 2544 542 2605; x_wconf 88' lang='lat' dir='ltr'>quos</span> <span class='ocrx_word' id='word_1_212' title='bbox 558 2522 671 2584; x_wconf 88' lang='lat' dir='ltr'>mittitis</span> <span class='ocrx_word' id='word_1_213' title='bbox 694 2522 894 2602; x_wconf 87' lang='lat' dir='ltr'>imperatores,</span> <span class='ocrx_word' id='word_1_214' title='bbox 917 2522 1049 2601; x_wconf 83' lang='lat' dir='ltr'>privatim</span> <span class='ocrx_word' id='word_1_215' title='bbox 1069 2534 1167 2583; x_wconf 87' lang='lat' dir='ltr'>autern</span> <span class='ocrx_word' id='word_1_216' title='bbox 1181 2524 1339 2605; x_wconf 81' lang='lat' dir='ltr'>exquirant</span> 
     </span>
     <span class='ocr_line' id='line_1_25' title="bbox 235 2613 1338 2698; baseline -0.005 -15"><span class='ocrx_word' id='word_1_217' title='bbox 235 2623 327 2694; x_wconf 90' lang='lat' dir='ltr'>bella,</span> <span class='ocrx_word' id='word_1_218' title='bbox 347 2619 372 2681; x_wconf 89' lang='grc' dir='ltr'>ιι</span> <span class='ocrx_word' id='word_1_219' title='bbox 392 2618 473 2698; x_wconf 85' lang='lat' dir='ltr'>quod</span> <span class='ocrx_word' id='word_1_220' title='bbox 493 2634 539 2677; x_wconf 90' lang='lat' dir='ltr'>res</span> <span class='ocrx_word' id='word_1_221' title='bbox 560 2626 608 2675; x_wconf 88' lang='lat' dir='ltr'>est</span> <span class='ocrx_word' id='word_1_222' title='bbox 628 2615 715 2675; x_wconf 93' lang='lat' dir='ltr'>etiam</span> <span class='ocrx_word' id='word_1_223' title='bbox 735 2614 773 2674; x_wconf 89' lang='lat' dir='ltr'>de</span> <span class='ocrx_word' id='word_1_224' title='bbox 788 2613 913 2676; x_wconf 87' lang='lat' dir='ltr'>ducibus</span> <span class='ocrx_word' id='word_1_225' title='bbox 933 2626 980 2679; x_wconf 88' lang='lat' dir='ltr'>est</span> <span class='ocrx_word' id='word_1_226' title='bbox 998 2614 1176 2676; x_wconf 73' lang='lat' dir='ltr'>dicendum?</span> <span class='ocrx_word' id='word_1_227' title='bbox 1195 2617 1276 2696; x_wconf 90' lang='lat' dir='ltr'>quod</span> <span class='ocrx_word' id='word_1_228' title='bbox 1285 2616 1338 2694; x_wconf 85' lang='lat' dir='ltr'>bie</span> 
     </span>
     <span class='ocr_line' id='line_1_26' title="bbox 235 2696 1339 2795; baseline -0.002 -22"><span class='ocrx_word' id='word_1_229' title='bbox 235 2712 367 2795; x_wconf 84' lang='lat' dir='ltr'>praemia,</span> <span class='ocrx_word' id='word_1_230' title='bbox 381 2708 531 2787; x_wconf 80' lang='lat' dir='ltr'>dequibus</span> <span class='ocrx_word' id='word_1_231' title='bbox 543 2704 654 2767; x_wconf 89' lang='lat' dir='ltr'>bellum</span> <span class='ocrx_word' id='word_1_232' title='bbox 669 2706 786 2785; x_wconf 77' lang='lat' dir='ltr'>geritur,</span> <span class='ocrx_word' id='word_1_233' title='bbox 798 2714 894 2765; x_wconf 77' lang='lat' dir='ltr'>sesua</span> <span class='ocrx_word' id='word_1_234' title='bbox 906 2717 995 2775; x_wconf 85' lang='lat' dir='ltr'>sunt;</span> <span class='ocrx_word' id='word_1_235' title='bbox 1014 2707 1199 2788; x_wconf 83' lang='lat' dir='ltr'>Amphipolis</span> <span class='ocrx_word' id='word_1_236' title='bbox 1213 2709 1238 2767; x_wconf 92' lang='lat' dir='ltr'>si</span> <span class='ocrx_word' id='word_1_237' title='bbox 1247 2696 1339 2792; x_wconf 84' lang='lat' dir='ltr'>capta</span> 
     </span>
     <span class='ocr_line' id='line_1_27' title="bbox 238 2798 1337 2883; baseline -0.008 -15"><span class='ocrx_word' id='word_1_238' title='bbox 238 2807 338 2876; x_wconf 81' lang='lat' dir='ltr'>suerit,</span> <span class='ocrx_word' id='word_1_239' title='bbox 347 2823 400 2869; x_wconf 83' lang='lat' dir='ltr'>vos</span> <span class='ocrx_word' id='word_1_240' title='bbox 407 2820 473 2863; x_wconf 86' lang='lat' dir='ltr'>eam</span> <span class='ocrx_word' id='word_1_241' title='bbox 482 2799 630 2879; x_wconf 78' lang='lat' dir='ltr'>evestigio</span> <span class='ocrx_word' id='word_1_242' title='bbox 636 2799 793 2879; x_wconf 83' lang='lat' dir='ltr'>recipietis:</span> <span class='ocrx_word' id='word_1_243' title='bbox 806 2798 938 2879; x_wconf 89' lang='lat' dir='ltr'>pericula</span> <span class='ocrx_word' id='word_1_244' title='bbox 945 2810 1041 2871; x_wconf 77' lang='grc' dir='ltr'>ιιιιιιιιι</span> <span class='ocrx_word' id='word_1_245' title='bbox 1052 2813 1121 2861; x_wconf 89' lang='lat' dir='ltr'>sunt</span> <span class='ocrx_word' id='word_1_246' title='bbox 1129 2801 1337 2883; x_wconf 82' lang='lat' dir='ltr'>imperatorum</span> 
     </span>
     <span class='ocr_line' id='line_1_28' title="bbox 237 2890 1338 2982; baseline -0.004 -23"><span class='ocrx_word' id='word_1_247' title='bbox 237 2900 361 2982; x_wconf 81' lang='lat' dir='ltr'>privata,</span> <span class='ocrx_word' id='word_1_248' title='bbox 370 2912 483 2955; x_wconf 87' lang='lat' dir='ltr'>merces</span> <span class='ocrx_word' id='word_1_249' title='bbox 497 2892 594 2952; x_wconf 89' lang='lat' dir='ltr'>nulla·</span> <span class='ocrx_word' id='word_1_250' title='bbox 615 2891 685 2963; x_wconf 89' lang='lat' dir='ltr'>illic,</span> <span class='ocrx_word' id='word_1_251' title='bbox 698 2900 732 2949; x_wconf 87' lang='lat' dir='ltr'>ut</span> <span class='ocrx_word' id='word_1_252' title='bbox 740 2891 870 2972; x_wconf 90' lang='lat' dir='ltr'>pericula</span> <span class='ocrx_word' id='word_1_253' title='bbox 882 2891 1004 2966; x_wconf 87' lang='lat' dir='ltr'>minora,</span> <span class='ocrx_word' id='word_1_254' title='bbox 1018 2890 1061 2952; x_wconf 89' lang='lat' dir='ltr'>sic</span> <span class='ocrx_word' id='word_1_255' title='bbox 1071 2893 1270 2953; x_wconf 85' lang='lat' dir='ltr'>emolumenta</span> <span class='ocrx_word' id='word_1_256' title='bbox 1279 2894 1338 2955; x_wconf 88' lang='lat' dir='ltr'>du-</span> 
     </span>
     <span class='ocr_line' id='line_1_29' title="bbox 238 2982 1338 3065; baseline -0.005 -12"><span class='ocrx_word' id='word_1_257' title='bbox 238 2996 386 3053; x_wconf 88' lang='lat' dir='ltr'>cumsunt</span> <span class='ocrx_word' id='word_1_258' title='bbox 399 2996 430 3048; x_wconf 93' lang='lat' dir='ltr'>et</span> <span class='ocrx_word' id='word_1_259' title='bbox 441 2985 574 3058; x_wconf 89' lang='grc' dir='ltr'>ιιιιιιιιιιιι</span> <span class='ocrx_word' id='word_1_260' title='bbox 591 2982 781 3064; x_wconf 83' lang='lat' dir='ltr'>Lampsacus,</span> <span class='ocrx_word' id='word_1_261' title='bbox 801 2983 932 3063; x_wconf 76' lang='lat' dir='ltr'>Sigeum,</span> <span class='ocrx_word' id='word_1_262' title='bbox 937 2984 1066 3063; x_wconf 76' lang='lat' dir='ltr'>navigia</span> <span class='ocrx_word' id='word_1_263' title='bbox 1084 3004 1153 3063; x_wconf 81' lang='lat' dir='ltr'>quoe</span> <span class='ocrx_word' id='word_1_264' title='bbox 1174 2986 1338 3065; x_wconf 77' lang='lat' dir='ltr'>spoliarint</span> 
     </span>
     <span class='ocr_line' id='line_1_30' title="bbox 237 3076 1338 3173; baseline -0.004 -30"><span class='ocrx_word' id='word_1_265' title='bbox 237 3084 295 3147; x_wconf 91' lang='lat' dir='ltr'>Id</span> <span class='ocrx_word' id='word_1_266' title='bbox 287 3081 672 3173; x_wconf 78' lang='lat' dir='ltr'>igiturquiqussequuntur,</span> <span class='ocrx_word' id='word_1_267' title='bbox 679 3076 761 3155; x_wconf 91' lang='lat' dir='ltr'>quod</span> <span class='ocrx_word' id='word_1_268' title='bbox 774 3096 791 3135; x_wconf 91' lang='lat' dir='ltr'>e</span> <span class='ocrx_word' id='word_1_269' title='bbox 805 3096 836 3136; x_wconf 89' lang='lat' dir='ltr'>re</span> <span class='ocrx_word' id='word_1_270' title='bbox 854 3096 909 3136; x_wconf 88' lang='lat' dir='ltr'>sua</span> <span class='ocrx_word' id='word_1_271' title='bbox 930 3087 985 3137; x_wconf 88' lang='lat' dir='ltr'>est.</span> <span class='ocrx_word' id='word_1_272' title='bbox 1005 3076 1069 3136; x_wconf 84' lang='lat' dir='ltr'>Vos</span> <span class='ocrx_word' id='word_1_273' title='bbox 1089 3086 1198 3151; x_wconf 85' lang='lat' dir='ltr'>auteur,</span> <span class='ocrx_word' id='word_1_274' title='bbox 1217 3098 1288 3163; x_wconf 78' lang='lat' dir='ltr'>curm</span> <span class='ocrx_word' id='word_1_275' title='bbox 1306 3080 1338 3139; x_wconf 89' lang='lat' dir='ltr'>in</span> 
     </span>
     <span class='ocr_line' id='line_1_31' title="bbox 239 3156 1338 3249; baseline -0.002 -14"><span class='ocrx_word' id='word_1_276' title='bbox 239 3194 285 3235; x_wconf 88' lang='lat' dir='ltr'>res</span> <span class='ocrx_word' id='word_1_277' title='bbox 303 3158 456 3233; x_wconf 87' lang='lat' dir='ltr'>intuemini</span> <span class='ocrx_word' id='word_1_278' title='bbox 473 3188 575 3249; x_wconf 86' lang='lat' dir='ltr'>parum</span> <span class='ocrx_word' id='word_1_279' title='bbox 589 3188 752 3249; x_wconf 85' lang='lat' dir='ltr'>prosperas,</span> <span class='ocrx_word' id='word_1_280' title='bbox 775 3168 960 3246; x_wconf 73' lang='lat' dir='ltr'>prefectos·</span> <span class='ocrx_word' id='word_1_281' title='bbox 952 3188 983 3227; x_wconf 90' lang='grc' dir='ltr'>ιιι</span> <span class='ocrx_word' id='word_1_282' title='bbox 1002 3166 1144 3247; x_wconf 85' lang='lat' dir='ltr'>judicium</span> <span class='ocrx_word' id='word_1_283' title='bbox 1168 3156 1338 3233; x_wconf 83' lang='lat' dir='ltr'>arcessitis:</span> 
     </span>
    </p>

    <p class='ocr_par' dir='ltr' id='par_1_4' title="bbox 236 3260 1346 4355">
     <span class='ocr_line' id='line_1_32' title="bbox 237 3260 1339 3344; baseline 0 -19"><span class='ocrx_word' id='word_1_284' title='bbox 237 3265 289 3327; x_wconf 91' lang='lat' dir='ltr'>nbi</span> <span class='ocrx_word' id='word_1_285' title='bbox 312 3282 382 3337; x_wconf 83' lang='lat' dir='ltr'>vero</span> <span class='ocrx_word' id='word_1_286' title='bbox 403 3263 483 3335; x_wconf 76' lang='lat' dir='ltr'>lacta</span> <span class='ocrx_word' id='word_1_287' title='bbox 498 3260 618 3321; x_wconf 89' lang='lat' dir='ltr'>dicendi</span> <span class='ocrx_word' id='word_1_288' title='bbox 640 3269 785 3339; x_wconf 85' lang='lat' dir='ltr'>potestate</span> <span class='ocrx_word' id='word_1_289' title='bbox 799 3260 988 3320; x_wconf 86' lang='lat' dir='ltr'>necessitates</span> <span class='ocrx_word' id='word_1_290' title='bbox 1011 3260 1078 3344; x_wconf 82' lang='lat' dir='ltr'>illas</span> <span class='ocrx_word' id='word_1_291' title='bbox 1096 3262 1258 3336; x_wconf 84' lang='lat' dir='ltr'>audieritis,</span> <span class='ocrx_word' id='word_1_292' title='bbox 1272 3286 1339 3332; x_wconf 88' lang='lat' dir='ltr'>reos</span> 
     </span>
     <span class='ocr_line' id='line_1_33' title="bbox 240 3332 1340 3435; baseline 0.005 -20"><span class='ocrx_word' id='word_1_293' title='bbox 240 3356 394 3429; x_wconf 81' lang='lat' dir='ltr'>dimittitis.</span> <span class='ocrx_word' id='word_1_294' title='bbox 435 3351 528 3423; x_wconf 76' lang='lat' dir='ltr'>Vobis</span> <span class='ocrx_word' id='word_1_295' title='bbox 549 3352 637 3431; x_wconf 75' lang='lat' dir='ltr'>igitur</span> <span class='ocrx_word' id='word_1_296' title='bbox 659 3351 689 3409; x_wconf 95' lang='lat' dir='ltr'>id</span> <span class='ocrx_word' id='word_1_297' title='bbox 710 3362 758 3411; x_wconf 88' lang='lat' dir='ltr'>est</span> <span class='ocrx_word' id='word_1_298' title='bbox 775 3332 928 3431; x_wconf 84' lang='lat' dir='ltr'>reliquum,</span> <span class='ocrx_word' id='word_1_299' title='bbox 940 3361 975 3411; x_wconf 95' lang='lat' dir='ltr'>ut</span> <span class='ocrx_word' id='word_1_300' title='bbox 996 3338 1136 3415; x_wconf 74' lang='lat' dir='ltr'>intervos</span> <span class='ocrx_word' id='word_1_301' title='bbox 1161 3354 1284 3435; x_wconf 81' lang='lat' dir='ltr'>litigetis</span> <span class='ocrx_word' id='word_1_302' title='bbox 1308 3372 1340 3421; x_wconf 89' lang='lat' dir='ltr'>et</span> 
     </span>
     <span class='ocr_line' id='line_1_34' title="bbox 235 3442 1339 3525; baseline 0.001 -14.004"><span class='ocrx_word' id='word_1_303' title='bbox 235 3447 414 3525; x_wconf 83' lang='lat' dir='ltr'>dissideatis,</span> <span class='ocrx_word' id='word_1_304' title='bbox 436 3445 500 3505; x_wconf 88' lang='lat' dir='ltr'>aliis</span> <span class='ocrx_word' id='word_1_305' title='bbox 518 3442 598 3505; x_wconf 88' lang='lat' dir='ltr'>eliud</span> <span class='ocrx_word' id='word_1_306' title='bbox 624 3442 827 3521; x_wconf 84' lang='lat' dir='ltr'>sentientibus,</span> <span class='ocrx_word' id='word_1_307' title='bbox 850 3444 1015 3524; x_wconf 80' lang='lat' dir='ltr'>respublica</span> <span class='ocrx_word' id='word_1_308' title='bbox 1027 3465 1096 3506; x_wconf 81' lang='lat' dir='ltr'>sero</span> <span class='ocrx_word' id='word_1_309' title='bbox 1119 3447 1196 3507; x_wconf 86' lang='lat' dir='ltr'>male</span> <span class='ocrx_word' id='word_1_310' title='bbox 1216 3448 1339 3513; x_wconf 87' lang='lat' dir='ltr'>babeat.</span> 
     </span>
     <span class='ocr_line' id='line_1_35' title="bbox 242 3512 1342 3617; baseline 0.001 -14"><span class='ocrx_word' id='word_1_311' title='bbox 242 3542 322 3603; x_wconf 88' lang='lat' dir='ltr'>Olim</span> <span class='ocrx_word' id='word_1_312' title='bbox 340 3540 427 3612; x_wconf 90' lang='lat' dir='ltr'>euim,</span> <span class='ocrx_word' id='word_1_313' title='bbox 452 3512 655 3609; x_wconf 66' lang='lat' dir='ltr'>Atheniedses,</span> <span class='ocrx_word' id='word_1_314' title='bbox 676 3512 787 3598; x_wconf 78' lang='lat' dir='ltr'>tributa</span> <span class='ocrx_word' id='word_1_315' title='bbox 811 3536 1004 3597; x_wconf 83' lang='lat' dir='ltr'>conferebatis</span> <span class='ocrx_word' id='word_1_316' title='bbox 1027 3557 1080 3617; x_wconf 92' lang='lat' dir='ltr'>per</span> <span class='ocrx_word' id='word_1_317' title='bbox 1103 3538 1227 3613; x_wconf 86' lang='lat' dir='ltr'>classes,</span> <span class='ocrx_word' id='word_1_318' title='bbox 1259 3563 1342 3605; x_wconf 88' lang='lat' dir='ltr'>nune</span> 
     </span>
     <span class='ocr_line' id='line_1_36' title="bbox 237 3619 1342 3711; baseline 0.001 -18"><span class='ocrx_word' id='word_1_319' title='bbox 237 3629 452 3711; x_wconf 81' lang='lat' dir='ltr'>rempublicam</span> <span class='ocrx_word' id='word_1_320' title='bbox 464 3627 560 3706; x_wconf 82' lang='lat' dir='ltr'>geritis</span> <span class='ocrx_word' id='word_1_321' title='bbox 569 3648 621 3709; x_wconf 74' lang='lat' dir='ltr'>per</span> <span class='ocrx_word' id='word_1_322' title='bbox 633 3627 757 3705; x_wconf 82' lang='lat' dir='ltr'>classes.</span> <span class='ocrx_word' id='word_1_323' title='bbox 778 3626 885 3687; x_wconf 85' lang='lat' dir='ltr'>Orator</span> <span class='ocrx_word' id='word_1_324' title='bbox 897 3637 1085 3705; x_wconf 87' lang='lat' dir='ltr'>utrarumque</span> <span class='ocrx_word' id='word_1_325' title='bbox 1098 3619 1161 3688; x_wconf 87' lang='lat' dir='ltr'>dux</span> <span class='ocrx_word' id='word_1_326' title='bbox 1172 3643 1227 3703; x_wconf 89' lang='lat' dir='ltr'>est,</span> <span class='ocrx_word' id='word_1_327' title='bbox 1241 3644 1273 3693; x_wconf 93' lang='lat' dir='ltr'>et</span> <span class='ocrx_word' id='word_1_328' title='bbox 1285 3634 1342 3694; x_wconf 90' lang='lat' dir='ltr'>im-</span> 
     </span>
     <span class='ocr_line' id='line_1_37' title="bbox 236 3718 1343 3810; baseline 0.001 -23"><span class='ocrx_word' id='word_1_329' title='bbox 236 3734 359 3810; x_wconf 80' lang='lat' dir='ltr'>perator</span> <span class='ocrx_word' id='word_1_330' title='bbox 371 3720 413 3780; x_wconf 87' lang='lat' dir='ltr'>illi</span> <span class='ocrx_word' id='word_1_331' title='bbox 427 3720 587 3799; x_wconf 80' lang='lat' dir='ltr'>subjectus,</span> <span class='ocrx_word' id='word_1_332' title='bbox 602 3728 633 3793; x_wconf 82' lang='grc' dir='ltr'>ιι</span> <span class='ocrx_word' id='word_1_333' title='bbox 646 3719 777 3789; x_wconf 87' lang='lat' dir='ltr'>trecenti,</span> <span class='ocrx_word' id='word_1_334' title='bbox 796 3719 846 3795; x_wconf 89' lang='lat' dir='ltr'>qui</span> <span class='ocrx_word' id='word_1_335' title='bbox 860 3718 1071 3800; x_wconf 73' lang='lat' dir='ltr'>saffragentur:</span> <span class='ocrx_word' id='word_1_336' title='bbox 1092 3722 1196 3800; x_wconf 89' lang='lat' dir='ltr'>reliqui</span> <span class='ocrx_word' id='word_1_337' title='bbox 1208 3726 1343 3788; x_wconf 86' lang='lat' dir='ltr'>attributi</span> 
     </span>
     <span class='ocr_line' id='line_1_38' title="bbox 244 3808 1345 3895; baseline 0.002 -16"><span class='ocrx_word' id='word_1_338' title='bbox 244 3818 327 3889; x_wconf 77' lang='lat' dir='ltr'>estis,</span> <span class='ocrx_word' id='word_1_339' title='bbox 334 3812 440 3895; x_wconf 78' lang='lat' dir='ltr'>partim</span> <span class='ocrx_word' id='word_1_340' title='bbox 452 3810 497 3871; x_wconf 88' lang='lat' dir='ltr'>his</span> <span class='ocrx_word' id='word_1_341' title='bbox 499 3812 626 3893; x_wconf 87' lang='lat' dir='ltr'>‚partim</span> <span class='ocrx_word' id='word_1_342' title='bbox 639 3811 705 3871; x_wconf 91' lang='lat' dir='ltr'>illis.</span> <span class='ocrx_word' id='word_1_343' title='bbox 749 3810 804 3871; x_wconf 88' lang='lat' dir='ltr'>His</span> <span class='ocrx_word' id='word_1_344' title='bbox 799 3808 901 3889; x_wconf 78' lang='lat' dir='ltr'>igitur</span> <span class='ocrx_word' id='word_1_345' title='bbox 912 3830 989 3870; x_wconf 87' lang='lat' dir='ltr'>nunc</span> <span class='ocrx_word' id='word_1_346' title='bbox 1002 3811 1108 3873; x_wconf 85' lang='lat' dir='ltr'>saltem</span> <span class='ocrx_word' id='word_1_347' title='bbox 1117 3814 1228 3876; x_wconf 89' lang='lat' dir='ltr'>relictis</span> <span class='ocrx_word' id='word_1_348' title='bbox 1242 3820 1345 3883; x_wconf 83' lang='lat' dir='ltr'>vobis·</span> 
     </span>
     <span class='ocr_line' id='line_1_39' title="bbox 241 3902 1344 3992; baseline 0.002 -21"><span class='ocrx_word' id='word_1_349' title='bbox 241 3930 300 3992; x_wconf 89' lang='lat' dir='ltr'>qne</span> <span class='ocrx_word' id='word_1_350' title='bbox 311 3906 350 3969; x_wconf 86' lang='lat' dir='ltr'>ed</span> <span class='ocrx_word' id='word_1_351' title='bbox 364 3902 556 3983; x_wconf 77' lang='lat' dir='ltr'>vosmetipsos</span> <span class='ocrx_word' id='word_1_352' title='bbox 565 3902 765 3973; x_wconf 77' lang='lat' dir='ltr'>redeuntibus</span> <span class='ocrx_word' id='word_1_353' title='bbox 778 3902 841 3978; x_wconf 86' lang='grc' dir='ltr'>ιιιιιι</span> <span class='ocrx_word' id='word_1_354' title='bbox 853 3902 980 3983; x_wconf 88' lang='lat' dir='ltr'>dicendi,</span> <span class='ocrx_word' id='word_1_355' title='bbox 989 3914 1051 3965; x_wconf 91' lang='lat' dir='ltr'>tum</span> <span class='ocrx_word' id='word_1_356' title='bbox 1065 3907 1263 3983; x_wconf 87' lang='lat' dir='ltr'>consultandi,</span> <span class='ocrx_word' id='word_1_357' title='bbox 1277 3922 1344 3975; x_wconf 89' lang='lat' dir='ltr'>tum</span> 
     </span>
     <span class='ocr_line' id='line_1_40' title="bbox 244 3992 1344 4086; baseline -0.004 -21"><span class='ocrx_word' id='word_1_358' title='bbox 244 4000 352 4085; x_wconf 78' lang='lat' dir='ltr'>agendi</span> <span class='ocrx_word' id='word_1_359' title='bbox 371 4016 469 4059; x_wconf 84' lang='grc' dir='ltr'>ιιιιιιιιι</span> <span class='ocrx_word' id='word_1_360' title='bbox 488 4008 641 4058; x_wconf 85' lang='lat' dir='ltr'>commune</span> <span class='ocrx_word' id='word_1_361' title='bbox 663 3992 830 4058; x_wconf 83' lang='lat' dir='ltr'>iaciendum</span> <span class='ocrx_word' id='word_1_362' title='bbox 853 4005 909 4075; x_wconf 73' lang='lat' dir='ltr'>est.</span> <span class='ocrx_word' id='word_1_363' title='bbox 948 3996 1001 4055; x_wconf 92' lang='lat' dir='ltr'>Sin</span> <span class='ocrx_word' id='word_1_364' title='bbox 1020 3998 1176 4086; x_wconf 89' lang='lat' dir='ltr'>aliquibus,</span> <span class='ocrx_word' id='word_1_365' title='bbox 1199 4010 1344 4083; x_wconf 83' lang='lat' dir='ltr'>tanquam</span> 
     </span>
     <span class='ocr_line' id='line_1_41' title="bbox 243 4064 1342 4173; baseline 0.004 -23"><span class='ocrx_word' id='word_1_366' title='bbox 243 4113 367 4173; x_wconf 67' lang='lat' dir='ltr'>regnum</span> <span class='ocrx_word' id='word_1_367' title='bbox 388 4088 570 4169; x_wconf 86' lang='lat' dir='ltr'>possideant,</span> <span class='ocrx_word' id='word_1_368' title='bbox 590 4084 752 4163; x_wconf 90' lang='lat' dir='ltr'>imperandi</span> <span class='ocrx_word' id='word_1_369' title='bbox 771 4084 854 4146; x_wconf 81' lang='lat' dir='ltr'>vobis</span> <span class='ocrx_word' id='word_1_370' title='bbox 878 4064 1026 4153; x_wconf 85' lang='lat' dir='ltr'>licentiam</span> <span class='ocrx_word' id='word_1_371' title='bbox 1053 4092 1253 4169; x_wconf 87' lang='lat' dir='ltr'>permiseritis,</span> <span class='ocrx_word' id='word_1_372' title='bbox 1274 4097 1342 4161; x_wconf 79' lang='lat' dir='ltr'>aliis</span> 
     </span>
     <span class='ocr_line' id='line_1_42' title="bbox 239 4176 1345 4255; baseline 0.001 -10"><span class='ocrx_word' id='word_1_373' title='bbox 239 4180 479 4255; x_wconf 80' lang='lat' dir='ltr'>instmendarum</span> <span class='ocrx_word' id='word_1_374' title='bbox 492 4176 659 4246; x_wconf 87' lang='lat' dir='ltr'>triremium,</span> <span class='ocrx_word' id='word_1_375' title='bbox 669 4177 768 4235; x_wconf 73' lang='lat' dir='ltr'>tributa</span> <span class='ocrx_word' id='word_1_376' title='bbox 778 4177 955 4251; x_wconf 76' lang='lat' dir='ltr'>conferendi</span> <span class='ocrx_word' id='word_1_377' title='bbox 968 4180 1112 4243; x_wconf 83' lang='lat' dir='ltr'>militandi</span> <span class='ocrx_word' id='word_1_378' title='bbox 1135 4186 1345 4251; x_wconf 87' lang='lat' dir='ltr'>necessitatem</span> 
     </span>
     <span class='ocr_line' id='line_1_43' title="bbox 237 4263 1346 4355; baseline -0.002 -20.989"><span class='ocrx_word' id='word_1_379' title='bbox 237 4273 409 4355; x_wconf 87' lang='lat' dir='ltr'>imponetis,</span> <span class='ocrx_word' id='word_1_380' title='bbox 422 4271 494 4335; x_wconf 85' lang='lat' dir='ltr'>aliis</span> <span class='ocrx_word' id='word_1_381' title='bbox 516 4270 546 4329; x_wconf 85' lang='lat' dir='ltr'>id</span> <span class='ocrx_word' id='word_1_382' title='bbox 568 4270 672 4351; x_wconf 73' lang='lat' dir='ltr'>negotii</span> <span class='ocrx_word' id='word_1_383' title='bbox 685 4263 785 4328; x_wconf 79' lang='lat' dir='ltr'>dabitis</span> <span class='ocrx_word' id='word_1_384' title='bbox 805 4279 840 4328; x_wconf 94' lang='lat' dir='ltr'>ut</span> <span class='ocrx_word' id='word_1_385' title='bbox 861 4281 966 4332; x_wconf 90' lang='lat' dir='ltr'>contra</span> <span class='ocrx_word' id='word_1_386' title='bbox 987 4272 1042 4332; x_wconf 88' lang='lat' dir='ltr'>hos</span> <span class='ocrx_word' id='word_1_387' title='bbox 1067 4274 1186 4339; x_wconf 86' lang='lat' dir='ltr'>decreta</span> <span class='ocrx_word' id='word_1_388' title='bbox 1197 4276 1346 4343; x_wconf 61' lang='lat' dir='ltr'>duntaxat</span> 
     </span>
    </p>
   </div>
   <div class='ocr_carea' id='block_1_3' title="bbox 244 4360 1346 4455">
    <p class='ocr_par' dir='ltr' id='par_1_5' title="bbox 244 4360 1346 4455">
     <span class='ocr_line' id='line_1_44' title="bbox 244 4360 1346 4455; baseline 0.004 -25"><span class='ocrx_word' id='word_1_389' title='bbox 244 4362 480 4443; x_wconf 75' lang='lat' dir='ltr'>faciuntaliaque</span> <span class='ocrx_word' id='word_1_390' title='bbox 493 4380 525 4423; x_wconf 88' lang='lat' dir='ltr'>re</span> <span class='ocrx_word' id='word_1_391' title='bbox 538 4361 620 4425; x_wconf 87' lang='lat' dir='ltr'>nulla</span> <span class='ocrx_word' id='word_1_392' title='bbox 640 4379 760 4444; x_wconf 80' lang='lat' dir='ltr'>operam</span> <span class='ocrx_word' id='word_1_393' title='bbox 782 4371 901 4447; x_wconf 71' lang='lat' dir='ltr'>nerent,</span> <span class='ocrx_word' id='word_1_394' title='bbox 921 4360 991 4451; x_wconf 74' lang='lat' dir='ltr'>nibil</span> <span class='ocrx_word' id='word_1_395' title='bbox 1010 4364 1090 4453; x_wconf 83' lang='lat' dir='ltr'>quod</span> <span class='ocrx_word' id='word_1_396' title='bbox 1113 4386 1185 4429; x_wconf 87' lang='lat' dir='ltr'>usus</span> <span class='ocrx_word' id='word_1_397' title='bbox 1208 4372 1346 4455; x_wconf 74' lang='lat' dir='ltr'>postulat</span> 
     </span>
    </p>
   </div>
   <div class='ocr_carea' id='block_1_4' title="bbox 0 0 1488 5000">
    <p class='ocr_par' dir='ltr' id='par_1_6' title="bbox 0 0 1488 5000">
     <span class='ocr_line' id='line_1_45' title="bbox 0 0 1488 5000; baseline 0 0"><span class='ocrx_word' id='word_1_398' title='bbox 0 0 1488 5000; x_wconf 95' lang='lat' dir='ltr'> </span> 
     </span>
    </p>
   </div>
  </div>
 </body>
</html>
