2934 5000
449 615 888 750 namosuuanus
926 634 930 640 ’

313 809 661 902 ΙΝΡΗΙΙᾸΡΡΙ
688 821 1035 901 EPISTOLAM

578 1020 772 1088 ORATIO.

126 1257 131 1270 ,
172 1197 199 1254 l.
220 1193 417 1255 Pnrnraausr
432 1213 492 1254 non
511 1211 616 1272 pacem
633 1193 741 1254 fecisse
761 1194 922 1266 vobiscum,
939 1193 1146 1268 Athenienses,
1167 1195 1223 1256 sed

125 1279 272 1346 distulisse
285 1285 514 1358 bellum,omnes
523 1287 586 1365 jam
595 1285 792 1364 cognovistis:
813 1294 969 1364 postquam
978 1286 1056 1345 enim
1065 1285 1223 1348 Pharsaliis

53 1379 56 1386 '
126 1378 217 1438 allum
231 1378 361 1450 tradidit,
377 1389 408 1438 et
420 1377 576 1438 Phocense
589 1378 741 1456 negotium
754 1377 890 1449 confecit,
908 1386 1058 1456 totamque
1071 1379 1224 1440 'lhracism

125 1470 156 1530 vi
170 1469 295 1548 subegit,
308 1468 389 1529 salsis
402 1469 497 1530 causis
507 1469 650 1541 confictis,
661 1477 694 1529 et
705 1468 811 1547 iniquis
821 1467 981 1528 rationibus
994 1470 1179 1548 excogitatis,
1191 1490 1224 1530 re
1261 1465 1268 1474 “

127 1561 248 1640 quidem
261 1563 325 1642 ipsa
334 1562 396 1641 jam
411 1562 480 1622 olim
491 1581 558 1623 cum
571 1563 642 1621 urbe
652 1561 870 1622 nostrabellum
879 1562 963 1641 gerit,
974 1581 1054 1621 nnnc
1067 1572 1225 1642 autemper

126 1651 234 1714 missas
248 1653 347 1714 literas
365 1655 460 1714 verbis
481 1653 552 1734 ipsis
571 1655 735 1714 confitetur.
777 1652 845 1732 Ego
863 1673 932 1715 vero
954 1649 1052 1733 neque
1064 1655 1238 1733 potentiam

126 1749 190 1822 ejus
205 1747 288 1807 vobis
310 1747 563 1826 expavescendam
576 1765 655 1816 esse,
671 1765 766 1824 neque
779 1744 880 1806 timide
899 1746 942 1805 illi
954 1744 1156 1816 resistendum,
1172 1746 1227 1807 sed

125 1839 345 1919 etcorporibus,
358 1849 389 1898 et
400 1839 541 1919 pecuniis,
552 1848 583 1898 et
594 1838 727 1909 navibus,
742 1846 783 1912 et,
801 1847 836 1898 ut
847 1839 948 1918 paucis
963 1839 1128 1912 absolvam,
1136 1841 1224 1900 rebus

125 1921 260 1992 omnibus
273 1941 405 2010 oportere
419 1951 472 1992 vos
486 1930 525 1990 ad
535 1930 644 1990 bellum
655 1929 781 2009 accingi,
795 1930 903 1990 docere
912 1931 1050 1992 conabor.

164 2027 194 2082 2.
216 2025 347 2084 Primum
359 2025 437 2084 enim
450 2035 680 2084 consentaneum
694 2033 749 2092 est,
764 2023 972 2097 Athenienses,
985 2025 1057 2085 deos
1071 2023 1157 2085 nobis
1175 2025 1224 2085 sr-

125 2116 273 2176 missimos
288 2114 384 2174 socios
398 2127 428 2173 et
448 2115 595 2193 adjutores
613 2113 728 2186 adesse,
740 2105 866 2190 'quorum
886 2115 935 2174 ille
954 2117 1094 2196 religione
1105 2117 1225 2190 violata,

124 2207 322 2288 neglectoque
329 2205 531 2287 jurejurando,
540 2225 644 2286 pacem
653 2206 760 2284 injuste
771 2205 874 2266 solvit:
895 2207 1013 2280 deinde,
1023 2211 1130 2287 quibus
1138 2212 1225 2270 rebus

123 2300 190 2382 ejus
203 2319 274 2379 opes
285 2295 427 2360 hactenns
441 2307 535 2360 aucta
547 2307 624 2370 sunt,
634 2298 705 2358 dum
718 2316 832 2376 semper
850 2298 961 2376 aliquos
974 2299 1092 2379 decipit,
1114 2310 1145 2359 et
1161 2320 1225 2360 ma·
1319 2293 1323 2298 ’
1413 2293 1422 2308 “

126 2393 235 2474 gnifica
249 2389 386 2472 quaedam
401 2388 565 2472 pollicetur,
580 2389 625 2450 his
634 2389 697 2470 jam
711 2389 867 2449 defunctus
878 2390 1078 2451 cstomnibus.
1120 2391 1225 2472 Neque

126 2485 265 2566 ignorant
275 2484 338 2567 ejus
353 2483 481 2557 epimum
495 2481 635 2544 Perinthii
648 2493 678 2544 et
689 2480 822 2565 Byzantii
840 2502 998 2563 eorumque
1012 2483 1157 2558 federari,
1172 2506 1224 2545 cn·

126 2597 197 2658 pere
210 2597 277 2638 eum
285 2578 390 2637 eodem
403 2576 492 2636 modo
501 2575 581 2656 ipsos
594 2586 729 2647 tractare,
744 2594 804 2654 quo
816 2574 896 2655 prius
911 2577 1045 2634 tractavit
1054 2575 1224 2657 Olynthios.

127 2670 234 2749 Neque
247 2668 404 2749 Thessalos
420 2668 557 2748 proeterit‚
573 2668 630 2728 hoc
645 2669 671 2728 ei
689 2667 871 2747 propositum
885 2686 963 2740 esse,
976 2678 1009 2727 ut
1027 2668 1224 2742 deminuerit,

124 2781 187 2823 non
206 2762 266 2821 dux
279 2763 432 2827 sociorum.
474 2761 635 2839 Suspectus
648 2760 737 2820 etiam
754 2753 905 2820 Thebanis
924 2770 980 2835 est,
998 2761 1079 2840 quod
1092 2760 1226 2823 Nicoeam

124 2855 264 2935 praesidio
273 2832 364 2927 ten'ct,
378 2865 409 2914 et
421 2853 451 2912 ih
463 2852 721 2933 Amphictyoniam
734 2852 866 2931 irrepsit3
888 2862 919 2934 et
931 2852 1093 2931 legationes
1105 2874 1122 2913 e
1136 2853 1225 2914 Pelo·

125 2966 261 3026 ponneso
275 2946 313 3007 ad
327 2966 359 3006 se
378 2946 474 3019 trahit,
488 2964 647 3025 eorumque
666 2946 838 3005 societatem
852 2942 993 3004 dissolvit.
1034 2944 1160 3007 Proinde
1174 2945 1225 3025 qui

122 3040 207 3120 prius
220 3040 283 3119 ejus
294 3038 379 3098 amici
392 3037 518 3109 luerunt,
529 3038 632 3117 partim
644 3057 710 3097 cum
722 3056 758 3097 eo
772 3056 852 3096 nunc
861 3034 1043 3115 implacabile
1052 3038 1161 3097 bellum
1172 3059 1225 3117 ge-

123 3142 206 3203 runt,
219 3132 324 3211 partim
338 3131 434 3190 minus
448 3130 580 3191 alacriter
593 3151 659 3191 eum
675 3131 831 3210 adjuvant:
852 3129 979 3191 universi
1002 3141 1099 3190 autem
1122 3152 1225 3212 suspe-

5 3288 7 3295 ,
124 3225 210 3285 ctum
222 3223 304 3283 illum
317 3223 436 3293 habent,
450 3232 481 3283 et
490 3222 687 3285 criminantur.
707 3221 961 3294 Praeterea—nec
970 3224 1047 3282 enim
1056 3223 1086 3282 in
1095 3224 1153 3285 hoc
1162 3245 1225 3285 mo-

123 3316 219 3377 menti
232 3334 337 3396 parum
351 3325 446 3391 est-,
466 3314 567 3375 Asiani
586 3326 709 3394 satrapas
724 3334 829 3376 recens
846 3315 1020 3375 intromissis
1038 3314 1226 3378 conductitiis

125 3408 278 3481 militibus,
293 3407 453 3489 expugnari
467 3406 638 3467 Perinthum
647 3408 867 3485 prohibuerunt.
890 3408 978 3467 Nunc
991 3426 1060 3467 vero
1074 3429 1142 3468 cum
1155 3407 1225 3469 Phl-

113 3500 198 3583 lippi
211 3500 375 3561 inimicitias
388 3500 579 3579 susceperint,
593 3508 634 3572 et,
644 3497 669 3559 sl
679 3497 854 3579 Byzantium
865 3500 1003 3577 capiatur,
1013 3500 1173 3578 periculum
1182 3502 1225 3563 eis

125 3592 304 3673 impendeat,
319 3612 377 3654 non
391 3593 446 3673 ipsi
459 3602 573 3653 tantum
586 3602 703 3652 strenue
719 3611 798 3652 nanc
811 3610 866 3652 nos
878 3592 995 3652 inbelle
1004 3593 1161 3674 juvabunt,
1171 3595 1225 3655 sed

124 3686 190 3766 regi
217 3685 305 3745 etiam
334 3685 488 3747 Persemm
508 3684 728 3764 persuadebunt
750 3694 784 3744 ut
805 3684 889 3743 nobis
908 3686 1063 3767 pecuniam
1084 3687 1225 3767 suppedi-

126 3788 184 3839 tet:
206 3776 256 3857 qui
269 3787 367 3839 tantas
383 3798 451 3860 opes
469 3774 568 3849 habet,
587 3786 713 3857 quantas
728 3797 783 3838 nec
797 3778 899 3856 reliqui
916 3778 1053 3840 universi.
1095 3779 1225 3839 Tantum

87 3912 91 3917 „
126 3889 214 3953 porro
227 3872 367 3931 momenti
381 3872 419 3933 ad
430 3881 546 3934 nostras
556 3870 643 3931 hasce
654 3870 783 3932 actiones
798 3869 891 3943 affert,
904 3880 938 3929 ut
951 3872 1019 3931 olim
1034 3872 1121 3931 etiam
1132 3869 1224 3931 Laco·

126 3966 193 4027 nico
206 3964 295 4037 bello,
307 3964 381 4027 utris
404 3984 469 4026 sese
488 3963 682 4045 adjunxisset,
697 3983 748 4025 eos
760 3963 884 4025 victores
902 3963 1046 4025 redderet.
1088 3964 1118 4023 Is
1135 3962 1225 4041 igitur

126 4080 205 4121 nunc
212 4061 300 4120 etiam
308 4060 458 4120 vobiscum
468 4061 652 4139 conjunctus,
659 4058 744 4123 facile
752 4059 911 4122 debellabit
918 4057 1045 4141 Philippi
1052 4057 1225 4136 potentiam.

169 4156 197 4213 ³.
218 4151 329 4212 Praeter
345 4152 410 4212 haec
423 4172 489 4231 quse
509 4162 591 4213 tante
604 4160 682 4222 sunt,
698 4172 757 4213 non
777 4151 912 4232 equidem
927 4151 1052 4227 negabo,
1073 4168 1142 4209 eum
1158 4152 1226 4212 loca

127 4243 288 4323 complura,
302 4252 333 4303 et
344 4254 456 4323 portus,
469 4254 501 4304 et
513 4245 576 4325 ejus
590 4243 705 4324 generis
720 4244 778 4305 alia
796 4240 926 4323 gerendo
944 4241 1023 4300 bello
1038 4241 1130 4319 utilia,
1143 4245 1224 4324 pacis

128 4335 279 4397 occasione
292 4336 475 4416 prmripnisse
488 4337 580 4396 vobis.
601 4336 788 4396 illudentem
801 4334 898 4407 video,
909 4333 1029 4412 quando
1042 4332 1160 4415 imperia
1171 4338 1223 4397 be·
1248 4325 1251 4335 λ

128 4428 292 4489 nescientia
303 4427 481 4505 coalescunt,
491 4415 636 4490 ct'eadem
649 4428 784 4489 omnibus
797 4425 867 4488 belli
877 4426 964 4489 socds
975 4426 1147 4509 expediunt,
1159 4429 1224 4491 diu·
1348 4463 1350 4474 =
1368 4454 1371 4465 ·
