2934 5000
214 307 219 312 ·
257 309 315 372 sos
544 275 546 280 ’
573 307 791 366 eovnusus
813 293 1062 367 sumturus

256 459 384 524 ombus
397 459 576 538 iniquissime
590 467 737 540 eger'etur,
750 461 775 519 si
788 460 840 520 isti
849 457 1047 536 quirentprdr.
1061 453 1221 515 boemodo
1232 466 1360 532 gerunt,
1463 482 1464 495 κ

254 553 311 613 boc
328 572 388 613 uno
411 571 471 612 uou
490 553 631 625 conteuti,
653 571 769 612 servum
793 552 867 631 ejus.
887 549 1038 630 Lycidnrn,
1057 544 1187 608 restrum
1206 546 1363 625 hospitem

254 639 375 704 fecisse:
398 632 705 724 etiempropterillum
719 642 827 722 aliquid
850 643 906 721 ipsi
926 659 1102 701 concessum
1122 659 1223 700 rursus
1237 641 1362 718 eripue-

254 735 322 809 rint,
335 736 440 796 felsnm
460 737 619 815 presertim
643 745 764 796 censum
786 733 996 814 proterendo!
1039 732 1105 790 Nee
1122 731 1200 790 enim
1218 731 1266 790 sel
1288 733 1362 804 iste,

255 828 302 886 vel
316 827 468 906 quisqunm'
484 827 569 896 nlius,
587 828 701 888 etismsi
726 827 833 906 hospes
848 826 896 897 sit,
909 835 1064 904 propterea
1078 824 1215 882 immunis
1229 833 1284 890 est,
1299 825 1362 884 nisi

222 939 227 950 ¹
254 918 397 980 cuiclsris
412 907 506 976 verbis
521 918 651 996 Populus
667 919 877 978 immunitatem
898 917 1030 976 dederit:
1052 917 1116 975 istis
1129 936 1198 975 vero
1222 936 1281 976 non
1303 917 1361 976 de-

257 1010 310 1080 dit,
319 1027 378 1069 uec
391 1010 425 1067 id·
435 1009 633 1070 demonstrare
644 1019 799 1087 poterunt:
822 1011 867 1068 sin
882 1008 1064 1088 impudenter
1076 1007 1270 1078 affirmabunt,
1281 1008 1360 1068 nibil

256 1100 387 1181 prsecluri
402 1100 511 1160 facient
524 1113 576 1160 sut
587 1102 674 1160 leude
688 1101 820 1179 dignum.
1010 1167 1016 1175 ,

296 1198 346 1254 29.
356 1213 357 1216 ’
366 1195 387 1254 J
389 1213 436 1253 em
445 1195 524 1270 quod
537 1196 667 1254 omnium
681 1196 805 1254 maxime
814 1193 979 1254 cavendum
988 1193 1071 1252 vobis
1081 1202 1138 1263 est,
1148 1192 1359 1264 Athenienses,

256 1287 286 1345 id
301 1286 445 1365 adjiciam.
487 1283 564 1344 Nem
580 1287 681 1364 siquis
706 1287 805 1346 omnin
818 1305 886 1364 quse
911 1285 1105 1362 Leptinesde
1129 1284 1193 1362 lege
1217 1285 1307 1355 dicet,
1327 1297 1360 1344 et

147 1409 152 1414 ·
255 1379 360 1457 quibus
375 1377 521 1450 ostendet,
537 1397 601 1436 eum
623 1389 701 1438 recte
726 1378 814 1436 latam
836 1398 913 1447 esse,
933 1377 1088 1445 concedat,
1102 1395 1169 1434 rere
1184 1377 1221 1434 ab
1234 1396 1270 1443 eo
1284 1377 1357 1448 dici,

255 1489 316 1536 uus
329 1480 453 1540 tentum,
467 1471 581 1550 etipmsi
597 1458 777 1548 promouerit·
786 1470 906 1546 aliquid,
916 1467 1065 1546 turpitudo
1079 1486 1140 1525 uon
1153 1467 1274 1540 tollitur,
1287 1489 1359 1546 qnoe

256 1562 321 1642 lege
336 1563 394 1620 iste
407 1560 892 1640 spprobnte,reipublicseomuino
905 1559 1068 1617 usuveniet.
1110 1560 1187 1624 Ques
1196 1559 1289 1637 igitur
1306 1561 1364 1620 ills
1394 1617 1398 1620 .

254 1653 323 1713 esti
364 1654 452 1720 Quod
467 1653 660 1711 benemeritus
675 1653 828 1731 decepisse
842 1652 996 1712 videbitur.
1018 1650 1358 1730 Nemo'sutem,opinor,
1408 1697 1414 1708 .

255 1747 319 1816 erit,
328 1746 398 1822 quin
410 1745 535 1804 fateatur
544 1744 574 1800 id
582 1759 647 1802 esse
657 1753 752 1822 turpe:
766 1754 877 1822 ‹pnsuto
888 1763 956 1802 vero
965 1743 1048 1802 robis
1057 1743 1275 1821 turpius,·quum
1283 1745 1358 1818 eliis,
1392 1780 1397 1786 ·
1461 1803 1463 1809 ,

255 1855 303 1896 me
321 1836 430 1896 audite.
457 1836 512 1892 Est
525 1835 743 1912 vobis-entique
756 1836 805 1894 lex
823 1855 839 1894 e
853 1838 1039 1914 probaturum
1052 1853 1194 1894 numero:
1210 1837 1243 1894 si
1261 1839 1358 1915 quis

256 1926 416 2004 eliqirid
438 1925 694 2004 pollicendo,
715 1928 838 1985 verbe
858 1926 1018 2004 Populo
1038 1927 1211 1998 dederit,
1232 1928 1363 1987 used-¹

255 2019 430 2078 ducetur
451 2019 490 2075 iu
506 2016 727 2092 judicium
743 2019 1024 2082 convictuszut
1043 2017 1169 2078 morte
1189 2021 1386 2082 mulne-³

257 2121 328 2169 tur.
342 2111 415 2169 «Vos
429 2110 514 2188 igitur
528 2129 586 2168 uon
600 2109 730 2188 pudebit,
745 2111 952 2181 Athenienses,
967 2111 1049 2190 ipsos
1062 2131 1099 2170 en
1110 2112 1206 2189 pelam
1221 2115 1358 2173 commit-

256 2211 328 2274 tere,
339 2221 406 2281 quse
417 2201 520 2261 ineliis
533 2203 650 2282 capituli
665 2203 839 2263 vindicanda
849 2205 1178 2282 suppliciocensulssist
1200 2205 1276 2264 Nem
1285 2225 1359 2266 enm

256 2293 495 2361 omniecevends
509 2303 540 2354 et
553 2295 695 2372 fugiende
713 2305 792 2367 sunt,
808 2305 867 2355 tem
881 2313 948 2374 quse
961 2297 1058 2375 turpis
1067 2315 1166 2355 resero
1178 2309 1255 2367 runt,
1265 2317 1360 2377 quem

256 2407 323 2467 quoe
337 2389 472 2448 videntur
486 2389 660 2448 inhoneste:
681 2399 744 2448 tum
757 2409 827 2449 vero
840 2407 876 2448 en
889 2389 1162 2468 potissimum-,oum
1172 2391 1201 2447 in
1210 2390 1360 2457 nliidrno-

255 2479 329 2541 leste
342 2480 429 2541 ferus.
473 2479 539 2541 Nec
563 2480 641 2540 euim
660 2481 721 2541 nilla
734 2480 932 2541 controversie
945 2481 1126 2567 relinquitpr,
1137 2481 1204 2560 quin
1220 2502 1257 2541 en
1278 2482 1365 2543 feci-⁴
1399 2516 1404 2523 =

256 2562 334 2633 enda¹
345 2592 404 2631 non
415 2574 483 2641 sint,
493 2591 560 2649 qum
575 2573 637 2650 ipse
652 2582 739 2631 nutes
751 2573 847 2652 turpis
855 2572 1006 2652 judiceris.
1047 2574 1095 2632 Ad
1110 2574 1174 2633 hoec
1187 2574 1259 2633 illud
1279 2596 1359 2654 quo·

216 2714 220 2721 .
255 2680 313 2743 qrre
328 2664 503 2731 cavendnm,
520 2682 558 2739 ue
572 2664 643 2741 quid
657 2664 775 2742 publice
788 2664 960 2734 admittetis,
974 2666 1052 2743 quod
1068 2666 1201 2744 privatim
1214 2668 1365 2729 vitaretis.-

246 2756 502 2831 ,Vestrum-nutem
517 2772 602 2813 nemo
614 2765 678 2825 eut,¹
692 2756 741 2833 qui
755 2756 835 2833 quod
849 2756 982 2815 dedisset
994 2756 1090 2827 elicui,
1105 2778 1205 2817 rursus
1215 2739 1358 2833 inferret,

256 2845 314 2903 imo
327 2866 366 2905 ne
375 2857 529 2905 coneretur
538 2845 668 2921 quidem.
710 2849 809 2912 Quare
827 2868 922 2926 neque
937 2840 1053 2928 publice
1074 2850 1129 2910 hoc
1143 2852 1287 2913 feceritis!
1303 2855 1357 2932 jn·

143 2928 150 2937 ’
255 2936 323 2993 bete
338 2936 436 3012 potius
451 2942 594 3011 patronos·
602 2928 785 3015 istius-legis,
808 2939 833 2997 si
852 2958 940 3016 quern
959 2942 1010 3018 qui
1031 2954 1207 3002 consecutus
1230 2956 1277 3004 est
1294 2945 1365 3005 hoc.-

184 3040 186 3043 ·
256 3025 365 3083 donum
379 3025 531 3101 iudignum
546 3044 610 3083 esse
622 3027 713 3099 siunt,
728 3028 790 3087 siue
799 3030 876 3106 quod
891 3030 922 3088 id
932 3042 1038 3103 tenent,
1053 3054 1121 3092 curu
1131 3055 1191 3094 uon
1204 3056 1242 3095 en
1253 3036 1357 3096 feeerit

255 3126 458 3195 propter-quse
480 3114 649 3205 sit-dutum,
664 3120 724 3177 sive
746 3119 784 3177 ob
798 3119 877 3178 eliud
891 3122 1001 3181 crimen
1015 3124 1144 3201 aliquod,
1163 3146 1304 3187 nccusnre
1314 3147 1357 3187 ex
1463 3123 1464 3130 '

253 3206 332 3285 lege,
348 3226 435 3286 quum
449 3226 503 3266 uos
513 3208 603 3267 modo
617 3208 831 3282 substituimus,
845 3211 906 3271 sive
916 3232 970 3271 nos
982 3234 1047 3273 enm
1056 3217 1219 3290 tulerimus,
1232 3220 1262 3278 id
1273 3222 1354 3298 qu'od

253 3314 308 3358 nos
323 3300 453 3359 secturus
473 3316 539 3357 esse
553 3298 732 3377 spondemus
753 3310 784 3359 et
806 3302 986 3379 pollicemur,
1000 3306 1063 3364 sive
1073 3307 1128 3385 ipsi
1141 3309 1273 3379 tulerint,
1283 3331 1359 3371 cuns

225 3390 232 3399 '
254 3392 378 3467 primum
393 3391 483 3450 creati
506 3390 616 3449 fuerint
629 3390 857 3467 legumlatorem.
900 3396 977 3454 Sunt
1002 3408 1100 3457 nutem
1117 3402 1223 3479 cuique
1246 3410 1364 3463 eornm‘
1463 3425 1464 3478 t

254 3480 344 3555 eliqni
359 3478 477 3550 inimici,
491 3481 555 3539 eliis
571 3478 771 3559 Diophantus,
785 3482 848 3543 eliis
863 3484 1007 3564 Eubulus,
1022 3488 1086 3561 aliis
1106 3492 1182 3551 slins
1195 3495 1364 3574 quispinm:
1463 3485 1464 3514 ¹

253 3568 345 3636 Quod
352 3570 454 3629 siboc
468 3572 683 3643 detrectabunt,
699 3583 729 3632 et
752 3574 848 3634 fucere
869 3577 983 3648 uolent,
1004 3582 1199 3655 considerate,
1223 3588 1354 3647 Atheni·
1463 3575 1464 3618 ³

215 3688 221 3701 ·
253 3680 351 3735 enses,
364 3680 452 3739 quem
462 3663 547 3723 vobis
562 3664 753 3724 honorificum
767 3667 898 3727 sutorum
913 3671 960 3740 sit,
971 3690 1022 3731 von
1036 3675 1112 3735 bene
1123 3680 1234 3739 meritis
1244 3683 1366 3741 soteri-e
1463 3709 1465 3752 ς

253 3753 363 3833 puisse,
377 3752 595 3830 quantorum.
608 3774 695 3815 nemo
709 3758 846 3820 inimicis
868 3762 981 3839 eripere
1000 3784 1060 3823 non
1084 3761 1364 3841 serentnrsst'sos·
1463 3765 1464 3812 3

253 3846 304 3925 qni
318 3844 631 3917 vobis-benefecerunt,
640 3850 746 3925 quibus
756 3871 843 3912 nemo
858 3853 1014 3932 quicquum
1026 3859 1151 3933 objicere
1165 3874 1271 3941 potest,
1281 3872 1365 3943 qna'·
1463 3841 1464 3900 Ξ

253 3936 326 3997 dete
339 3938 453 3997 suerent
470 3956 522 4015 per
544 3950 601 3995 vos·
619 3940 761 4001 emisisse:
774 3945 943 4005 universos:
965 3966 1034 4007 cum
1052 3951 1305 4033 «lieri'lpotuisset,
1323 3962 1366 4019 si‘
1463 3927 1464 3996 i

253 4018 319 4107 qbis
341 4044 421 4088 :sene
440 4028 577 4106 indignus
596 4038 653 4101 est,
666 4031 727 4091 sive
748 4036 910 4106 unus,·sise
922 4037 1365 4120 duo,nut·plures,ntebistis.
1463 4033 1464 4088 Ῑ

252 4120 438 4191 accusetist
453 4120 559 4179 viritim
581 4120 701 4181 adducti
724 4118 929 4201 in'Judicium,
939 4142 1049 4207 poenns·
1057 4133 1218 4203 dedissent,
1259 4134 1367 4219 Equis.

252 4209 322 4267 dem¹
342 4210 397 4269 ists
416 4218 472 4271 oe'e
494 4211 662 4283 lsudo‚.nec
675 4213 766 4293 dignis
779 4219 861 4285 vobis
873 4223 1074 4285 esse'ceuseo.
1115 4229 1224 4309 [Cujus
1235 4236 1365 4312 ego-rei-

251 4300 624 4383 stiemrstionemvbsbeot]
891 4337 893 4340 ·
1267 4348 1298 4381 ·:

293 4392 342 4449 ³0.
363 4393 432 4453 Jsm
444 4394 560 4458 ussdln
572 4390 645 4458 ustio
658 4403 866 4477 pretereunda
877 4413 934 4480 est,
948 4407 1144 4489 dedignitste
1156 4434 1269 4487 eorum,
1281 4417 1351 4493 qni·
