2934 5000
412 523 604 648 orario
632 526 702 608 ua
728 525 1017 607 uruounso

202 699 231 762 l.
252 700 391 761 Mrunurr
405 703 644 776 committendum
663 713 720 778 est,
733 703 937 777 Athenienses,
951 713 986 762 ut
1003 711 1122 783 proptor
1142 717 1179 761 ea
1198 699 1256 762 cri·

158 793 247 867 mina,
262 813 327 873 quae
342 793 495 876 Philippus
509 795 545 856 iis
560 797 658 877 objicit
673 796 721 876 qui
735 815 789 876 pro
798 796 866 877 jure
879 783 976 855 vestro
987 793 1066 874 apud
1074 813 1128 854 ros
1142 793 1255 866 dicunt,

157 883 341 945 asuadendo
351 887 432 946 vobis
445 906 482 947 ea
494 907 560 966 quaa
574 908 590 946 e
605 908 635 948 re
647 899 742 947 vestra
756 897 836 960 sunt,
849 885 1067 966 prohibeamur:
1089 904 1149 943 non
1158 884 1254 944 teren-

157 974 229 1036 dum
242 978 319 1038 enim
332 979 430 1052 luerit,
439 979 538 1038 missis
553 979 590 1038 ab
607 979 657 1039 illo
669 979 801 1058 epistolis
813 979 903 1037 libere
916 997 970 1056 pro
985 976 1127 1036 concione
1139 973 1256 1035 dicendi

156 1066 328 1130 facultatem
341 1071 426 1130 nobis
440 1070 523 1150 eripi.
566 1069 633 1150 Ego
647 1090 727 1141 vero,
740 1069 945 1140 Athenienses,
956 1067 1082 1148 primum
1095 1086 1131 1126 ea
1141 1068 1178 1128 de
1192 1067 1256 1146 qui·

156 1155 214 1218 hus
229 1161 347 1241 scripsit
359 1161 525 1242 Philippus,
539 1162 640 1222 ordine
650 1181 837 1242 percurram
857 1161 935 1243 post,
950 1161 1056 1242 quibus
1068 1160 1203 1221 derebus
1214 1160 1257 1221 le·

156 1248 323 1330 getiverba
336 1253 481 1328 fecerunt,
495 1253 596 1334 stipsi
610 1254 751 1314 dicemus.
892 1317 896 1322 ,
988 1244 993 1252 ’

199 1343 229 1400 2.
239 1341 393 1422 Philippus
402 1346 572 1424 auspicatur
579 1347 618 1404 ab
629 1343 790 1418 Haloneso,
799 1363 933 1424 eamque,
941 1363 1032 1422 quum
1043 1362 1098 1402 sna
1107 1343 1155 1418 sit,
1164 1365 1197 1404 ae
1205 1365 1257 1405 vo-

154 1432 204 1494 bis
216 1434 287 1494 dicit
296 1426 423 1508 donare;
438 1447 469 1498 at
478 1456 529 1497 vos
535 1435 604 1516 jure
617 1455 683 1496 eam
692 1448 825 1516 repetere
834 1447 934 1516 negat,
944 1435 1022 1514 'quaa
1033 1455 1088 1494 nec
1096 1447 1192 1496 vestra
1202 1435 1259 1496 suit

156 1543 249 1604 quum
258 1525 320 1606 ipse
330 1536 402 1588 tunc
410 1528 498 1607 cepit,
507 1548 603 1607 neque
613 1548 691 1589 nunc
700 1538 748 1587 est
756 1547 848 1608 quum
862 1536 952 1586 tenet
989 1526 1039 1586 Ad
1048 1535 1106 1586 nost
1117 1527 1203 1586 etiam
1222 1546 1259 1588 aa

154 1619 245 1678 verba
253 1619 418 1700 fecitquuru
430 1621 509 1700 apud
523 1621 616 1700 ipsum
629 1621 776 1702 legatione
790 1608 991 1699 fungeremur,
1003 1639 1035 1679 se
1048 1634 1154 1699 nempe
1166 1639 1256 1680 occu-

154 1729 243 1790 passe
254 1711 379 1772 insulam
387 1712 463 1772 hanc
472 1713 634 1773 latronibus
644 1723 785 1793 ereptam,
797 1731 833 1771 ac
841 1711 964 1792 proinde
972 1731 1055 1770 suam
1065 1730 1131 1770 esse
1139 1712 1256 1772 debere.

153 1802 263 1884 Neque
270 1825 340 1866 vero
350 1805 468 1866 difficile
477 1816 525 1886 est
530 1806 608 1866 hanc
616 1806 671 1887 ipsi
679 1805 821 1866 rationem
830 1815 1003 1884 extorquere
1017 1823 1083 1883 quoe
1096 1804 1135 1862 sit
1148 1804 1257 1882 iniqua.

156 1893 269 1956 Omnes
284 1897 361 1959 enim
373 1898 503 1958 latrones
516 1899 612 1960 aliena
624 1900 692 1958 loca
704 1908 862 1977 occupant,
876 1916 971 1977 eaque
986 1896 1123 1955 muniunt
1137 1907 1172 1956 ut
1186 1897 1256 1958 inde

156 1986 231 2048 alios
249 1989 398 2048 infestent.
429 1991 517 2054 Quod
531 1989 633 2068 siquis
646 1991 776 2050 latrones
791 1989 872 2048 ultus
884 1989 974 2051 fucrit
985 2000 1015 2047 et
1029 1990 1182 2068 superarit,
1195 2009 1257 2049 non
1317 2029 1323 2044 r

102 2069 105 2072 ¹
155 2099 229 2140 sane
238 2079 391 2158 probanda
399 2081 480 2142 dicat
490 2081 515 2141 si
530 2081 713 2140 contenderit
723 2101 760 2141 ea
772 2101 838 2161 quae
848 2081 890 2140 illi
905 2101 957 2160 per
967 2081 1102 2160 injuriam
1118 2083 1259 2143 tenebant

154 2171 222 2233 aliis
233 2181 342 2253 erepta,
353 2171 485 2232 suafieri.
506 2172 585 2232 Nam
594 2173 619 2232 si
625 2173 691 2232 haec
705 2171 885 2244 concedetis,
895 2171 965 2250 quid
974 2172 1119 2250 prohibet,
1133 2173 1159 2231 si
1168 2192 1256 2251 quem

154 2262 204 2324 vel
214 2263 323 2323 Atticae
337 2264 445 2338 locum,
456 2264 501 2324 vel
515 2263 626 2338 Lemni,
639 2263 686 2323 vel
701 2263 799 2334 Imbri‚
813 2262 862 2322 vel
872 2262 965 2343 Scyri,
978 2263 1131 2342 proedories
1144 2263 1255 2326 invase-

154 2355 222 2429 rint,
236 2363 267 2415 et
280 2355 369 2435 aliqui
383 2355 503 2416 eosdem
513 2357 600 2416 armis
615 2355 790 2436 expulerint,
808 2356 879 2434 quin
893 2355 993 2416 statim
1002 2355 1031 2432 is
1045 2374 1161 2434 quoque
1174 2355 1256 2417 locus
1291 2395 1296 2400 ·

154 2447 262 2527 inquo
282 2447 436 2530 praedones
455 2450 580 2523 luerent,
599 2449 730 2527 quamvis
749 2456 846 2510 vester
859 2445 986 2527 [noster]
1007 2447 1054 2519 ait,
1071 2447 1187 2507 illorum
1204 2449 1258 2511 liat

156 2540 209 2619 qui
221 2541 413 2629 represserint
431 2536 579 2601 latronesl
600 2540 753 2621 Philippus
771 2552 869 2601 autem
886 2540 1082 2621 nonignorat
1100 2558 1133 2600 se
1151 2539 1260 2620 injuste

154 2631 330 2708 diceresed
344 2653 434 2715 quum
448 2633 479 2694 id
492 2633 597 2694 melius
615 2653 702 2713 quam
715 2631 840 2713 quilibet
858 2634 944 2707 norit,
958 2634 1056 2693 fucum
1072 2632 1154 2693 vobis
1168 2654 1258 2715 posse

132 2722 217 2783 'fieri
230 2736 329 2807 speret
347 2746 400 2807 per
417 2746 469 2787 eos
488 2726 539 2806 qui
557 2746 612 2788 sua
629 2724 720 2805 ipsius
736 2725 786 2787 hic
804 2725 1033 2787 administraturi
1052 2721 1122 2785 sunt
1140 2736 1174 2786 ut
1187 2728 1255 2806 'ipse

153 2816 228 2891 vult,
242 2820 350 2900 quique
360 2819 392 2879 id
405 2829 518 2882 stante
531 2820 729 2901 promiserunt
734 2829 772 2880 et
785 2817 966 2880 nuncetiam
979 2828 1080 2899 agunt.
1122 2818 1141 2878 J
1143 2840 1190 2879 am
1203 2840 1256 2880 ne-

153 2928 213 2989 que
225 2910 282 2972 hoc
297 2912 392 2992 ipsum
404 2913 545 2992 praeterit,
559 2933 611 2993 per
630 2922 786 2991 utrumqne
799 2931 917 2986 nomen,
935 2921 1001 2971 utro
1020 2910 1179 2971 malueritis
1198 2912 1253 2991 uti,

153 3022 209 3063 vos
223 3003 350 3064 insulam
362 3005 525 3079 habituros,
545 3004 606 3066 sive
621 3004 783 3085 accipiatis,
800 3006 861 3065 sive
874 3004 1031 3084 recipiatis.
1074 3002 1153 3073 Quid
1165 3004 1254 3083 igitur

152 3112 223 3153 enm
237 3105 335 3157 movet
345 3091 426 3156 utne
436 3098 518 3158 vobis
531 3097 667 3181 restituat
675 3101 758 3172 justo
768 3116 840 3157 usus
849 3096 1006 3169 vocabulo,
1019 3093 1072 3154 scd
1080 3094 1171 3155 donet
1182 3115 1254 3157 usus

151 3186 287 3265 injusto?
308 3189 379 3249 Non
392 3188 494 3269 utique
503 3188 562 3251 hoc
575 3190 651 3251 utin
665 3210 717 3250 vos
728 3190 902 3251 beneficium
913 3187 1076 3265 contulisse·
1086 3187 1255 3268 profiteatur

152 3278 322 3358 (ridiculum
344 3270 422 3341 enim
443 3281 522 3341 istud
542 3282 631 3342 suerit
649 3282 848 3359 beneficium),
866 3282 919 3342 sed
934 3290 970 3340 nt
988 3279 1102 3340 Groecis
1119 3282 1254 3361 omnibus

152 3372 300 3445 ostendat,
315 3376 391 3434 bene
403 3394 503 3435 secum
517 3376 565 3455 agi
580 3374 777 3435 Athenienses
790 3374 965 3447 existimare,
989 3373 1015 3432 si
1027 3370 1170 3432 maritima
1187 3373 1255 3435 loca

151 3482 172 3524 a
186 3465 353 3528 Macedone
363 3468 519 3547 accipiant.
566 3467 632 3527 Hoc
648 3486 717 3527 vero
729 3466 824 3542 robis,
835 3467 1041 3540 Athenienses,
1055 3483 1114 3524 non
1134 3476 1181 3527 est
1200 3466 1254 3527 ad·

152 3557 339 3622 mittendum.
381 3562 483 3629 Quum
497 3570 596 3621 autem
611 3560 682 3619 dicit
696 3577 728 3619 se
744 3559 780 3617 de
794 3559 840 3617 his
853 3556 929 3617 velle
937 3556 1048 3639 judicio
1061 3557 1195 3638 experiri,
1209 3561 1253 3621 ni·

151 3648 195 3710 hil
215 3652 295 3712 aliud
313 3654 370 3715 nisi
383 3674 435 3714 vos
447 3652 580 3721 'deridet;
602 3650 727 3731 primurn
746 3669 838 3730 quum
855 3650 985 3731 postulat
1006 3661 1040 3711 ut
1058 3651 1253 3715 Athenienses

151 3744 204 3804 uiri
217 3764 285 3804 cum
304 3765 340 3805 eo
353 3746 403 3824 qui
418 3744 501 3805 Pella
513 3756 560 3806 est
579 3738 719 3807 oriundus
742 3745 779 3805 de
792 3745 896 3806 insulis
913 3745 994 3825 apud
1010 3745 1141 3821 judicem
1160 3746 1251 3806 ambi-

152 3846 234 3916 gant,
247 3848 344 3897 utrum
359 3847 463 3898 vestras
477 3858 516 3897 an
529 3838 606 3899 illius
620 3838 687 3899 sint.
729 3837 868 3914 'Deinde
882 3840 907 3901 si
921 3849 1019 3901 vestra
1030 3840 1095 3898 haec
1108 3840 1250 3919 potentia,

152 3948 219 4008 quae
233 3928 356 3990 Graecos
368 3930 399 3990 in
412 3929 576 3992 libertatern
589 3930 726 4010 asseruit,
740 3932 886 3993 maritima
896 3932 980 3993 vobis
994 3932 1062 3991 loca
1074 3950 1134 3989 non
1144 3932 1252 4007 poterit

151 4021 237 4094 tueri,
246 4022 362 4101 judices
375 4043 444 4083 vero
457 4024 563 4103 quibus
578 4044 639 4083 rem
653 4030 707 4085 sua
718 4026 891 4086 auctoritate
900 4022 1097 4091 decidendam
1109 4022 1251 4101 permise-

152 4114 224 4189 ritis,
237 4113 268 4173 hi
283 4117 364 4177 robis
377 4136 429 4207 eas
448 4120 672 4193 conservabunt,
692 4116 718 4178 si
739 4128 839 4180 tamen
858 4138 884 4179 a
895 4117 1031 4198 Philippo
1045 4112 1247 4195 largitionibus

181 4282 193 4314 ¹
210 4282 347 4341 Quendam
355 4290 592 4347 vastarenturque
602 4285 692 4349 oeperit
738 4285 751 4317 ⁸
764 4286 826 4333 Nm
837 4283 877 4333 ubi
886 4288 966 4335 restra
976 4285 1089 4360 potandas
1103 4280 1184 4332 Insrr.

151 4360 295 4411 mueuuuo
304 4354 388 4399 tenen.
423 4349 514 4399 Wonr.
