2934 5000
236 326 240 332 ,
270 297 328 364 202
691 292 747 356 DE
770 293 953 358 CORONA.

634 547 639 560 .
733 463 944 602 stream*

271 695 275 701 .
312 647 365 705 62.
383 645 536 705 Concione
544 645 633 724 igitur
645 647 800 719 advocata,
809 649 929 710 Tledsei
938 649 1050 727 priores
1057 644 1125 705 illos
1137 631 1385 719 introduxerunt,

272 737 354 814 quod
365 736 511 796 sociorum
522 735 620 804 locam
633 737 713 816 apud
726 739 808 830 ipsos
818 741 999 798 otu'nebnt.
1031 737 1172 796 Produoti
1184 736 1282 815 itaque
1297 757 1380 798 con-

272 827 473 901 cionabantur,
497 829 622 888 multum
643 825 762 906 quidem
783 823 950 907 Philippum
978 825 1144 896 madentes,
1169 827 1294 886 multum
1314 847 1384 912 roe

270 919 460 990 insectantes,
478 919 577 980 omnia
595 907 779 998 quascunque
803 934 933 997 unquam
953 909 1077 977 adversa
1094 915 1204 974 temus
1224 913 1380 1000 Thebanis

270 1011 412 1084 rumoris
426 1017 604 1089 repetentes.
646 1011 698 1070 Ad
713 1027 868 1082 summam,
882 1027 999 1087 aequum
1008 1025 1074 1068 esse
1088 1008 1258 1078 censebant,
1272 1020 1306 1066 ut
1317 1029 1379 1086 pro

269 1093 397 1179 acceptis
417 1121 436 1160 a
459 1100 596 1180 Philippo
609 1101 896 1180 beneflciisgretiam
911 1099 1049 1176 sibiipsis
1064 1096 1240 1178 rependant,
1254 1098 1378 1177 injuria·

270 1209 412 1252 sumsero
424 1211 499 1270 quas
512 1211 532 1251 a
543 1192 627 1252 nobis
640 1192 826 1271 accepissent
837 1211 950 1272 prensa
971 1200 1154 1268 unocunque
1167 1189 1260 1248 velint
1272 1190 1378 1260 modo,

273 1293 424 1360 expetant,
438 1283 484 1342 rel
508 1282 579 1344 dato
599 1283 634 1342 iis
656 1283 782 1345 transitu
804 1281 844 1342 ad
867 1301 932 1356 nos,
947 1282 993 1340 vel
1016 1281 1102 1341 armis
1127 1281 1230 1340 anain
1243 1280 1379 1368 Atticam

271 1371 370 1434 illst'u.
387 1421 391 1428 ,
411 1373 557 1434 Preteres
570 1373 820 1448 demonstrabant,
842 1385 877 1434 ut
888 1375 943 1434 sibi
956 1373 1076 1452 quidem
1089 1373 1273 1444 videbantur,
1287 1391 1325 1432 en
1338 1375 1377 1434 iis

273 1481 342 1542 quse
364 1463 421 1544 ipsi
446 1464 614 1539 suaderent,
637 1485 746 1544 pecora
769 1477 800 1526 et
822 1465 968 1546 mancipia
990 1464 1105 1542 alisque
1119 1457 1237 1522 'Attice
1249 1465 1331 1525 bona
1344 1466 1378 1524 in

273 1553 417 1616 Boeomm
433 1567 621 1635 perventura,
635 1577 673 1616 er
687 1558 722 1616 iis
734 1576 803 1618 vero
818 1575 884 1635 qua
907 1573 961 1616 nos
983 1573 1112 1616 emmam
1125 1554 1241 1626 dicturi,
1254 1555 1380 1616 Boeotirs

270 1643 385 1706 lrucms
403 1666 505 1716 omnes
528 1667 547 1707 e
568 1647 647 1708 bello
666 1649 813 1728 direptum
826 1649 870 1708 iri.
911 1647 1067 1726 Multaque
1082 1645 1142 1706 elia
1155 1656 1307 1724 prmteree,
1321 1647 1376 1707 sed

273 1753 342 1814 qum
351 1737 410 1796 huc
423 1747 521 1797 temen
535 1739 633 1797 omnia
645 1748 822 1816 spectarent,
842 1738 988 1800 dicebant.
1019 1739 1111 1804 Qum
1125 1748 1222 1797 autem
1235 1757 1292 1796 nos
1303 1731 1377 1797 con·

272 1834 321 1885 trs
342 1827 509 1896 dixerimus,
531 1827 679 1906 sigillatim
699 1830 781 1888 vobis
802 1847 950 1906 exponere
970 1827 1058 1888 licere
1081 1847 1142 1908 prta
1166 1829 1300 1888 omnibus
1319 1849 1377 1909 ego

273 1914 393 1991 quidem
405 1916 572 1976 manaim
584 1918 700 1994 opibus,
715 1917 770 1974 sed
784 1935 883 1976 vereor
894 1938 933 1976 ne
945 1938 1010 1990 ros,
1021 1920 1173 1996 preteritis
1182 1919 1245 1996 jem
1261 1929 1378 1999 tempo-

204 2027 208 2032 ·
271 2002 363 2076 ribus,
374 2005 459 2082 qussi
476 2005 641 2063 eluvionem
652 2003 804 2080 quandem
817 2021 912 2063 rerum
928 2008 1070 2064 accidisse
1083 2005 1296 2076 existimantes,
1312 2009 1377 2068 ins·
1396 2025 1400 2034 ·

269 2112 339 2153 nem
348 2098 503 2156 verborum
517 2093 669 2172 strepitum
682 2112 800 2152 omnem
820 2112 886 2154 esse
898 2094 945 2154 his
960 2094 998 2153 de
1011 2096 1099 2152 rebus
1112 2093 1271 2153 orationem
1284 2095 1376 2158 duca-

272 2184 330 2244 tis:
351 2204 418 2265 qum
430 2186 519 2263 igitar
536 2183 765 2264 permiserimus
786 2203 840 2246 nos
864 2195 896 2244 et
914 2203 982 2264 quas
1001 2183 1086 2244 nobis
1101 2183 1143 2244 illi
1161 2187 1377 2263 responderint,

274 2275 387 2354 audite,
425 2275 730 2360 Gepehocetrecits.
1048 2329 1053 2334 .

528 2472 782 2535 RESPONSUM
805 2471 1117 2536 rutaniorum.
1183 2451 1189 2460 '

315 2624 365 2681 63.
386 2620 442 2678 His
459 2619 551 2696 igitur
572 2616 657 2687 actis,
676 2626 820 2675 vocarunt
832 2636 884 2677 ros
898 2616 940 2676 illi
954 2628 985 2679 et
1007 2620 1204 2679 arcesserunt.
1246 2620 1376 2705 Exiistis,

272 2729 360 2788 opem
373 2707 491 2782 tulistis,
502 2716 535 2765 ut
545 2725 581 2765 ea
594 2722 661 2783 quoe
672 2706 702 2763 in
718 2706 814 2766 medio
823 2720 892 2767 sunt
900 2712 1130 2787 praetermittam,
1145 2710 1186 2769 ite
1199 2709 1377 2774 familiariter

217 2806 222 2815 ‘
273 2818 326 2867 sos
342 2806 529 2877 exceperunt,
542 2807 576 2855 ut
588 2815 657 2856 cum
675 2796 744 2855 foris
759 2808 858 2857 essent
882 2800 996 2877 pedites
1019 2802 1199 2879 equitesque,
1214 2804 1376 2863 exercitum

271 2898 401 2949 restrum
413 2887 443 2945 in
456 2898 535 2947 tecta
548 2898 637 2970 atque
650 2888 680 2945 in
702 2888 804 2973 urbem
818 2890 991 2969 reciperent,
1007 2892 1047 2949 ad
1065 2891 1184 2961 liberos,
1201 2893 1240 2951 ad
1254 2913 1375 2969 uxores,

274 2977 314 3037 ad
326 2976 425 3035 omnia
435 2977 595 3037 carissima.
636 2976 726 3053 Atqui
742 2988 800 3033 tres
814 2978 865 3035 illo
879 2980 926 3035 die
944 2990 1071 3039 vestrum
1085 2982 1268 3043 laudationes
1281 2990 1375 3048 omni-

270 3068 325 3144 bus
340 3066 508 3125 mortalibus
529 3066 715 3123 declararunt
737 3064 869 3125 Thebani
891 3068 1114 3144 pulcherrimas,
1128 3055 1218 3133 uuam
1231 3077 1377 3139 fortitudi-

272 3158 330 3232 nis,
347 3154 468 3214 alteram
484 3151 616 3229 justitioe,
629 3156 745 3211 tertiam
759 3157 932 3233 temperanti
941 3178 976 3215 re.
1020 3160 1096 3218 Nam
1110 3175 1176 3219 curn
1190 3176 1269 3224 stare
1282 3172 1377 3231 robis.

270 3265 339 3307 eum
355 3243 387 3301 in
409 3242 473 3302 acie
489 3256 574 3317 quam
588 3246 692 3299 contra
704 3260 757 3301 ros
772 3234 946 3317 meluerunt,
956 3256 987 3306 et
1000 3248 1137 3309 tortiores
1153 3270 1204 3311 tos
1218 3274 1283 3317 esse
1293 3260 1373 3337 judi-

273 3346 380 3404 carunt
400 3346 430 3396 et
451 3335 579 3413 sequiora
598 3332 749 3423 postulare.
767 3354 852 3413 quem
868 3338 1036 3419 Philippum
1049 3361 1057 3409 ς
1080 3352 1194 3425 etcum
1206 3365 1252 3421 es,
1264 3370 1333 3427 qua
1346 3363 1375 3413 et

272 3428 351 3514 apud
372 3425 544 3504 semetipsos
567 3433 599 3483 et
618 3424 699 3504 apud
720 3444 824 3486 omnes
845 3428 977 3489 homines
993 3431 1225 3511 diligentissime
1235 3432 1376 3505 custodiri

272 3516 379 3586 solent,
386 3514 492 3575 liberos
505 3518 713 3595 conjugesque,
723 3525 827 3579 vestre
840 3522 976 3599 potestati
991 3524 1203 3603 permiserunt,
1217 3528 1331 3593 firmam
1343 3552 1376 3597 se

213 3662 220 3669 ,
273 3607 312 3685 de
330 3604 414 3693 rolris
436 3608 635 3685 temperantia
647 3605 819 3686 opinionem
840 3610 948 3672 habere
964 3611 1163 3677 declararunt.
1207 3620 1242 3679 ln
1264 3618 1375 3705 ¹quibus

274 3696 420 3765 omnibus,
440 3694 643 3768 Athenienses,
666 3698 745 3775 quod
766 3700 804 3759 ad
821 3720 874 3763 ros
902 3706 1017 3776 attinet,
1043 3720 1129 3767 recte
1153 3728 1204 3771 eos
1222 3703 1375 3791 judicasse

276 3794 458 3868 compertum
471 3793 526 3845 est.
568 3784 646 3847 Nam
659 3791 911 3873 neque,ingresso
931 3796 959 3853 in
976 3799 1118 3877 oppidum
1144 3786 1282 3881 eremita,
1296 3812 1374 3891 quis-

272 3897 366 3960 quam
384 3876 423 3937 de
442 3874 523 3936 robis
536 3894 574 3935 ne
587 3876 693 3958 injuria
705 3880 822 3957 quidem
835 3897 957 3963 questus
970 3898 1017 3947 est
1033 3908 1042 3956 ;
1067 3891 1111 3950 ita
1125 3910 1177 3952 ros
1190 3899 1374 3962 continentes

276 3966 459 4051 praebuistis:
481 3977 512 4028 et
528 3986 596 4027 cum
609 3967 654 4028 bis
667 3970 831 4049 conjunctis
849 3976 940 4055 copiis
954 3982 1165 4057 pugnaveritis,
1180 3991 1376 4067 superioribus

276 4061 334 4121 illis
347 4060 465 4140 proeliis,
484 4059 578 4119 altero
599 4058 638 4119 ad
661 4059 783 4121 fluvium
805 4066 973 4141 commnso,
996 4071 1086 4131 altero
1107 4074 1247 4155 hyberno,
1259 4100 1318 4142 non
1332 4084 1375 4145 in·

262 4152 418 4230 ‘culpatos
430 4149 526 4211 solum
539 4159 654 4210 vosmet
665 4168 766 4210 vemm
779 4154 865 4214 etiam
880 4157 1064 4222 admirabiles
1083 4167 1268 4243 praestitistis,
1289 4190 1376 4235 oma-

280 4250 324 4313 tu,
337 4252 489 4322 apparatu,
504 4242 655 4303 alacritate
668 4241 767 4305 animi.
809 4245 933 4328 Propter
945 4270 1011 4329 qum
1024 4254 1062 4313 ab
1075 4254 1139 4315 eliis
1151 4258 1267 4335 quidem
1280 4262 1312 4323 in
1325 4285 1377 4326 ros
