2934 5000
349 337 406 404 DE
424 341 542 404 Mssa
560 341 694 406 GESTA
715 339 967 406 murmuras„
1149 339 1211 400 26³

156 493 206 558 bb.
225 495 429 578 Indignabitur
442 510 541 562 antem
553 499 662 572 statim
676 507 711 560 ut
722 518 781 578 ego
794 494 930 570 andio,si
948 490 1004 552 soli
1017 491 1073 552 sibi
1083 490 1209 570 pupula·
1317 565 1330 583 ρ

116 587 190 651 rium
204 599 361 664 oratorum,
374 593 525 653 verbomm
549 595 623 654 ratio
646 592 798 658 reddenda
822 591 870 650 sit
910 587 978 666 Ego
999 605 1069 656 sero
1091 603 1210 663 aequum

115 699 190 751 esse,
201 691 238 738 nt
249 700 350 742 omnes
364 698 462 742 eorum
485 704 552 762 qnse
573 685 683 756 dicant,
698 685 722 744 si
734 692 854 762 propter
867 688 1023 758 argentum
1036 677 1150 748 dicunt,
1164 696 1211 736 ra·

113 771 224 830 tionem
250 772 385 843 reddant,
400 776 638 852 praetermittam:
661 776 715 836 sed
735 775 808 834 illud
829 773 905 832 dico.
947 772 980 830 Si
1001 769 1166 840 AEscbinas,
1180 777 1214 827 ut

113 861 204 921 bomo
219 881 315 922 rerum
331 864 494 944 imperitus,
508 865 639 926 deliravit
654 866 769 938 alicubi,
790 874 821 924 et
839 866 994 924 frustratus
1008 872 1064 934 ost,
1078 882 1116 920 ne
1130 880 1212 920 sere·
1270 907 1273 913 ,

111 953 175 1025 rius
193 955 339 1032 inquirite,
365 956 418 1016 sed
442 956 564 1016 missum
589 957 688 1027 boile,
714 957 828 1018 venum
852 958 940 1016 date:
970 956 1016 1014 sin
1035 955 1212 1033 legationem

112 1045 227 1117 obiens,
239 1057 360 1125 accepta
372 1049 507 1126 pecunia,
521 1048 559 1108 de
572 1049 716 1112 industria
728 1068 783 1108 sos
796 1048 909 1119 ieiellit,
925 1067 963 1107 ne
984 1047 1138 1119 absolvite,
1159 1035 1213 1104 ne-

111 1155 171 1212 que
184 1137 328 1197 admittite
342 1139 424 1210 illud,
435 1145 537 1218 poenas
550 1141 703 1200 verborum
718 1159 779 1196 non
791 1159 858 1198 esse
869 1139 991 1197 dandas.
1026 1139 1121 1215 Cujus
1134 1137 1213 1196 enirn

112 1227 234 1286 alterius
249 1229 299 1296 rei,
309 1247 398 1305 quarn
411 1230 661 1306 verborum,[ratio
675 1229 813 1306 elegatis
826 1227 1007 1304 reposcenda
1021 1227 1085 1284 esti
1107 1228 1215 1308 Neque

114 1319 195 1378 enirn
216 1318 321 1394 legatis
336 1320 557 1378 committuntur
571 1319 712 1391 triremes,
726 1329 779 1377 ent
790 1319 865 1389 loca,
879 1326 931 1376 aut
946 1316 1089 1394 legiones,
1103 1328 1154 1377 aut
1167 1319 1214 1378 ir·

113 1429 175 1470 ces.
217 1409 312 1468 Nemo
335 1409 398 1468 haec
421 1410 527 1488 legatis
543 1410 643 1479 tradit,
668 1411 720 1470 sed
743 1411 832 1470 rerba
853 1421 884 1468 et
904 1419 1047 1486 tempora.
1087 1411 1216 1482 Quodsi
1321 1441 1331 1452 ·

116 1499 287 1579 reipublicae
301 1508 434 1578 tempora
442 1520 505 1567 non
519 1501 677 1579 praeripuit,
689 1519 750 1560 non
762 1500 906 1580 moestu,
918 1499 965 1558 sin
976 1501 1134 1577 praeripuit,
1144 1521 1215 1578 pec-

116 1590 213 1650 caritz
234 1591 325 1650 verba
337 1603 433 1651 sutem
448 1593 473 1650 si
483 1611 552 1652 vera
561 1594 754 1666 renunciavit,
767 1602 820 1652 aut
833 1592 926 1665 utilia,
939 1591 1117 1664 absolvatur,
1130 1593 1176 1652 sin
1184 1603 1216 1652 st

116 1683 202 1756 salsa,
222 1697 253 1744 et
269 1694 435 1763 corruptus,
449 1695 480 1744 et
499 1684 622 1757 inutilia,
637 1695 782 1746 teneatur.
825 1684 916 1745 Nulla
935 1683 1014 1742 enim
1036 1702 1069 1742 re
1086 1684 1216 1762 populus

116 1773 185 1834 laedi
199 1759 314 1854 graviu's
334 1786 443 1855 potest,
456 1779 544 1854 quarn¹
570 1776 721 1837 audiendis
735 1777 905 1838 mendaciis.
947 1778 1080 1844 Quorum
1093 1777 1171 1836 enim
1184 1776 1217 1838 in
1271 1833 1275 1838 .

119 1867 213 1926 verbis
228 1869 284 1926 sita
298 1878 344 1928 est
365 1868 538 1948 respublica,
552 1889 610 1948 quo
628 1881 716 1948 pacto
730 1870 755 1929 si
767 1888 804 1930 ea
822 1888 891 1930 vera
902 1886 964 1938 non
977 1878 1054 1940 sunt,
1068 1876 1133 1928 tuto
1153 1869 1217 1948 geri

93 1965 97 1972 '
117 1967 217 2035 potest
229 1958 410 2038 respublica?
445 1961 535 2026 Quod
554 1961 660 2039 siquis
681 1961 802 2041 insuper
820 1981 856 2022 ea
874 1980 942 2040 quas
960 1961 1091 2020 hostibus
1104 1957 1217 2034 contin·
1315 2009 1320 2016 .

118 2061 198 2117 cant,
213 2061 336 2128 accepte
349 2051 482 2110 mercede
497 2052 586 2124 dicat,
600 2072 637 2111 an
651 2073 710 2114 non
724 2054 851 2113 etiemin
861 2073 970 2130 magno
978 2053 1107 2131 periculo
1114 2053 1194 2114 eritis
1203 2052 1231 2121 i,

120 2138 224 2216 Neque
241 2141 327 2198 etiam
343 2141 447 2200 eadem
460 2141 568 2220 injurie
586 2152 642 2212 est,
656 2155 791 2222 tyranno,
805 2155 857 2202 aut
870 2143 1036 2220 oligarchise
1058 2145 1213 2223 proripere

120 2239 263 2310 tempora,
274 2251 339 2310 quse
351 2231 449 2290 vobis:
471 2251 565 2310 neque
579 2251 681 2311 parum
699 2235 829 2293 interest
872 2234 907 2292 ln
927 2234 984 2292 illis
998 2235 1076 2292 enirn
1088 2234 1216 2314 imperiis

121 2322 221 2382 omnia
234 2341 270 2381 ex
283 2323 380 2381 edicto
393 2323 525 2384 celeriter
541 2322 630 2384 liunt:
651 2324 731 2404 apud
745 2345 797 2383 ros
810 2332 908 2382 autem
923 2323 953 2381 in
966 2324 1065 2401 primis
1076 2323 1118 2392 ad
1129 2344 1216 2384 sena-
1276 2379 1280 2388 .

120 2427 181 2474 turn
197 2416 296 2476 omnia
309 2415 472 2486 reserenda,
489 2427 520 2476 et
534 2418 573 2475 ab
584 2436 619 2477 eo
637 2417 825 2478 decernenda
846 2424 933 2482 sunt;
954 2414 1045 2492 idque
1060 2415 1218 2492 deamat,

121 2526 187 2567 cum
207 2507 390 2588 preconibus
416 2520 447 2569 et
469 2509 663 2587 legationibus
688 2511 867 2589 adscriptum
886 2508 983 2580 inerit,
1004 2526 1064 2567 non
1086 2528 1218 2587 sempms

121 2600 228 2659 deinde
240 2600 399 2661 indicenda
412 2602 525 2673 concio,
549 2622 642 2680 eaque
661 2615 794 2683 tempore
815 2602 930 2680 legibus
955 2599 1133 2669 constitutor
1152 2610 1221 2679 post
1256 2662 1264 2675 ,

122 2691 258 2751 vincendi
278 2700 310 2751 et
332 2694 489 2772 superandi
503 2705 573 2753 sunt
586 2695 622 2754 iis
636 2695 686 2773 qui
700 2694 860 2753 rectissime
879 2689 1048 2761 consulunt,
1062 2690 1105 2751 illi
1117 2693 1220 2770 quiex

120 2785 246 2855 inscitia,
260 2797 312 2844 aut
329 2806 366 2844 ex
384 2786 567 2864 improbitate
587 2788 795 2857 advemamurr
817 2794 888 2863 post
908 2784 974 2843 brec
995 2792 1093 2842 summ
1112 2785 1220 2857 omnia,

121 2896 188 2936 cum
198 2881 260 2951 jam
273 2887 303 2935 et
316 2877 465 2935 decretum
480 2874 587 2955 aliquid
603 2878 697 2948 llrerit,
707 2886 738 2935 et
746 2876 810 2955 jam
823 2873 1007 2933 conducibile
1020 2892 1086 2933 esso
1095 2866 1220 2947 uidetur,
1234 2880 1236 2891 '

122 2969 249 3048 spatium
263 2968 393 3027 dandum
407 2978 453 3027 est
473 2968 664 3028 multitudinis
682 2967 829 3037 tenuitati,
851 2966 879 3025 in
901 2985 960 3044 quo
981 2984 1018 3025 ea
1041 2977 1221 3045 comparent,

122 3078 246 3138 quorum
261 3057 402 3135 indigent,
414 3070 449 3115 ut
466 3058 583 3119 decreta
602 3060 689 3119 etiarn
709 3059 831 3136 exsequi
844 3058 969 3137 possint.
1011 3057 1070 3126 Qui
1086 3058 1223 3136 igiturea
1286 3077 1289 3085 ·

121 3162 255 3227 tempora
263 3149 381 3207 sustulit
393 3148 423 3205 in
435 3147 503 3219 tali,
510 3148 604 3226 qualis
614 3150 693 3228 apud
707 3169 758 3208 vos
775 3161 831 3221 est,
851 3149 1010 3227 republica,
1023 3149 1048 3207 is
1072 3167 1131 3207 non
1150 3158 1222 3209 tem·
1249 3136 1252 3143 ⁵

122 3244 196 3321 pora
210 3239 338 3311 sustulit,
353 3258 426 3311 non,
440 3239 493 3299 sed
505 3239 584 3318 ipsas
598 3242 727 3301 actiones
736 3242 825 3319 plane
838 3238 1050 3329 vobis-eripuit.
1151 3300 1155 3309 ,

166 3333 216 3391 56.
239 3331 303 3389 Etsi
324 3340 419 3389 autem
439 3330 467 3387 in
480 3342 615 3410 promptu
626 3341 673 3391 est
684 3333 822 3410 quiedam
835 3332 881 3403 iis,
889 3332 940 3408 qui
952 3348 1005 3389 vos
1016 3329 1150 3407 decipere
1169 3348 1221 3407 uoq

124 3426 201 3495 lunt,
225 3422 359 3483 omnibus
383 3423 495 3483 oratio:
516 3422 558 3483 illi
580 3424 630 3502 qui
653 3424 798 3483 civitatem
821 3424 952 3493 turbant,
976 3422 1027 3499 qui
1054 3420 1221 3501 Philippum
1257 3447 1262 3455 ·
1302 3440 1306 3449 ¹
1380 3444 1389 3455 ·

123 3516 294 3598 reipublice
308 3516 482 3575 benefacere
500 3516 665 3595 prohibent,
684 3516 720 3577 iis
739 3525 839 3575 temen
859 3534 916 3594 ego
936 3512 1009 3573 nihil
1028 3514 1221 3593 respondebo,

125 3610 179 3671 sed
193 3609 293 3670 literas
306 3608 389 3668 vobis
404 3607 533 3687 Philippi
546 3608 654 3688 legam,
668 3619 698 3669 et
711 3618 843 3687 tempora
853 3606 1093 3687 singula,quibus
1106 3609 1222 3688 decepti

11 3774 15 3783 Ι
125 3702 206 3771 estis,
225 3698 356 3777 redigam
380 3698 464 3757 vobis
486 3699 514 3756 in
534 3698 721 3759 memoriam:
742 3710 776 3760 ut
790 3698 898 3771 sciatis,
920 3698 1059 3777 frigidum
1076 3698 1150 3759 illud
1170 3718 1222 3757 no-

126 3812 194 3852 men
213 3792 251 3850 ad
273 3790 425 3851 fastidium
446 3809 538 3869 usque
560 3791 714 3870 repetitum
740 3790 918 3871 decipiendis
941 3791 1024 3853 robis
1044 3791 1126 3851 illum
1150 3808 1222 3848 con·

127 3902 296 3963 sumpsisse.

488 4102 647 4163 LITERAE
668 4104 863 4165 PHILIPPl.

133 4302 136 4309 ·
170 4232 218 4326 st.
240 4268 317 4329 Cum
330 4268 418 4347 igitur
426 4279 487 4329 tam
501 4271 607 4350 mrpia,
620 4282 682 4331 tarn
694 4272 798 4343 multo,
810 4266 1045 4343 omniadenique
1056 4219 1160 4325 conns
1171 4284 1225 4325 vos

130 4360 161 4419 in
177 4358 322 4437 legatione
338 4362 525 4434 commiserit,
545 4362 654 4442 passim
672 4362 797 4433 diotimt,
810 4359 880 4439 quid
900 4358 939 4419 de
962 4357 1162 4419 Demosthene
1181 4368 1228 4418 est

130 4451 299 4524 beandum,
309 4452 360 4533 qni
370 4453 532 4537 collegatos
541 4454 682 4515 accuset?
703 4449 1048 4524 Meherculesirerelim,
1058 4448 1246 4525 sirenolimf
