2934 5000
290 341 352 402 ise
548 318 726 400 coum
748 333 1143 430 sursroorrouuur.

290 491 416 572 gredlen
460 490 518 554 Per
531 492 603 556 deos
617 492 716 556 autem
732 513 784 554 oro
795 492 860 566 rssos,
874 494 954 566 date,
968 492 1173 564 Atlrenienies,
1186 503 1217 552 et
1228 494 1395 556 concedite

288 585 371 658 mibi,
389 585 431 646 its
446 595 599 662 utnatura
616 607 684 648 mea
702 587 768 658 fert,
783 597 873 666 utque
890 585 1036 666 proposui,
1061 586 1098 645 de
1118 585 1164 646 his
1183 585 1272 646 rebus
1295 587 1394 646 disse·

289 677 373 736 rendi
385 676 565 740 facultatem.
596 678 716 740 Etenim
729 677 809 738 haud
823 677 907 738 aliter
915 677 1035 756 possim.

328 773 359 829 5.
382 769 528 831 Universa
546 772 606 832 vita
617 770 793 842 mortalium,
815 769 1020 840 Athenienses,
1041 769 1102 829 sive
1122 785 1261 848 mamam
1283 771 1394 829 urbem

272 861 429 946 incolant,
443 863 503 924 sive
513 881 642 941 parram,
655 873 760 924 natura
773 873 803 923 ct
815 861 929 939 legibus
940 861 1057 938 regitur.
1084 862 1132 920 Ac
1144 869 1250 920 natura
1264 860 1391 938 quidem

287 953 411 1038 contusa
430 955 624 1039 ctinequalis
644 964 700 1027 eet,
719 963 752 1014 et
771 951 941 1031 apeculiari
961 951 1236 1031 cujusque'pendet
1254 950 1393 1029 ingenio,

286 1042 369 1124 leges
378 1054 477 1104 autem
489 1063 660 1106 communes
673 1044 855 1105 etordinatoe
869 1052 947 1117 sunt,
957 1053 989 1102 et
1000 1042 1113 1106 eedem
1120 1041 1274 1102 universis.
1296 1041 1392 1110 Quod

287 1137 313 1196 si
322 1137 633 1214 praranatirraiuerit,
647 1156 727 1217 sepe
742 1135 820 1196 mala
833 1134 957 1196 consilis
968 1134 1085 1194 molinis
1098 1137 1199 1212 (quare
1209 1131 1289 1194 tales
1297 1133 1390 1194 facilc

199 1252 201 1256 ’
286 1227 439 1290 indelicta
450 1247 533 1290 ruere
545 1229 649 1308 liquet)
661 1230 743 1310 leges
758 1237 857 1290 autem
870 1245 966 1308 equa,
984 1227 1122 1296 honesta,
1135 1225 1220 1285 utilia
1232 1235 1390 1304 specum,

286 1308 318 1381 et
330 1317 434 1381 odilla
451 1321 634 1390 referunturr
662 1341 729 1402 quae
747 1319 867 1381 iuventa
886 1321 911 1380 ri
931 1318 1046 1389 luerint,
1062 1335 1217 1388 commune
1228 1315 1296 1395 jam
1316 1317 1388 1376 'mde

190 1459 198 1471 .
285 1401 457 1479 mandatum
470 1411 606 1472 omnibus
619 1415 801 1494 proponitur,
814 1431 867 1492 par
885 1422 915 1471 et
927 1409 1082 1490 aequabile.
1102 1410 1199 1488 Atque
1213 1427 1250 1468 ea
1262 1407 1315 1468 les
1330 1421 1390 1482 cst,

285 1502 334 1562 cui
352 1521 455 1582 parere
471 1523 574 1564 ornnes
595 1503 715 1575 debent,
731 1523 797 1563 cum
817 1513 934 1582 propter
952 1501 1056 1575 multa,
1073 1511 1136 1561 tum
1155 1500 1212 1560 bac
1233 1499 1273 1560 de
1294 1519 1390 1562 caan

284 1595 421 1665 maxime,
440 1596 521 1674 quod
534 1596 628 1656 omnis
641 1596 690 1658 lex
703 1598 853 1660 inuentum
866 1604 913 1655 est
924 1603 956 1654 et
969 1593 1079 1654 donum
1097 1591 1217 1652 deorum
1232 1591 1388 1652 immorta-

284 1685 366 1757 lium,
382 1685 533 1746 decretum
544 1687 695 1746 hominum
709 1687 885 1766 sapientum,
899 1683 1001 1763 regula
1013 1681 1186 1744 delictorum
1198 1701 1269 1764 quse
1291 1685 1332 1744 de
1345 1686 1388 1743 in-

212 1843 216 1846 ,
282 1779 397 1840 dustria
416 1790 447 1840 et
466 1780 586 1840 fortuito
606 1779 835 1852 committuntur,
859 1777 983 1838 civitatis
1007 1795 1161 1838 commuue
1180 1787 1318 1854 pactum,
1338 1779 1387 1840 cni
1456 1767 1457 1774 ἵ

281 1870 381 1930 ἤνετο
393 1872 610 1941 convenienter,
624 1890 735 1945 omues,
754 1870 805 1949 qui
819 1880 890 1930 sunt
904 1870 933 1928 in
946 1869 1029 1941 urbe,
1050 1869 1168 1959 debent.
1199 1869 1387 1949 Aristogito-

282 1979 351 2020 nem
361 1969 459 2020 autern
468 1963 633 2022 nuncomni
636 1967 703 2036 jure
713 1962 911 2022 accusationis
921 1979 987 2020 esse
997 1961 1172 2032 convictum,
1182 1977 1283 2038 neque
1293 1961 1386 2022 ullam
1456 1961 1457 1990 ³

281 2051 310 2112 ei
332 2021 441 2111 restra
466 2052 649 2132 probabilem
667 2053 899 2126 excusationem,
920 2052 1006 2113 facile
1026 2050 1145 2112 ostendi·
1162 2060 1273 2128 potest.
1309 2054 1386 2114 Cum
1456 2037 1457 2090 3

281 2139 420 2204 enim‘res
434 2143 500 2206 duce
513 2144 584 2217 sint,
597 2143 804 2218 Athenienses,
816 2156 936 2227 propter
945 2163 1019 2223 quas
1029 2135 1131 2203 omnes
1139 2142 1278 2214 lemnius
1289 2143 1386 2222 leges,

282 2243 357 2309 tum,
369 2245 404 2295 ot
421 2255 459 2296 ne
471 2235 625 2316 quisquam
639 2236 738 2316 injusti
751 2236 860 2314 aliquid
877 2247 957 2314 agat,
971 2246 1034 2295 turo
1049 2245 1082 2295 ut
1096 2235 1131 2294 iis
1151 2235 1202 2314 qui
1218 2235 1269 2314 jus
1291 2235 1384 2296 viola-
1456 2239 1457 2308 ,

221 2391 224 2401 ¹
280 2327 479 2406 componitis,
493 2326 687 2388 aliimeliores
699 2329 870 2400 reddantur,
884 2337 1005 2406 utroque
1018 2327 1133 2388 nomine
1148 2325 1330 2404 supplicium
1347 2329 1384 2390 de
1456 2375 1457 2410 ἶ

280 2416 338 2476 isto
360 2417 536 2478 sumendum
557 2438 623 2479 esse
638 2418 799 2498 apparebit.
833 2419 910 2478 Nam
923 2428 954 2478 et
971 2428 1088 2498 propter
1106 2419 1187 2496 leges
1201 2419 1330 2478 violatas
1346 2422 1384 2478 sb
1456 2411 1457 2472 i

279 2509 363 2571 initio
375 2511 535 2573 mulctatus
556 2521 612 2584 est,
632 2519 664 2570 et
680 2510 750 2589 quia
763 2510 904 2569 mulctam
928 2510 1067 2571 inflictam
1088 2510 1223 2591 negligit,
1244 2530 1282 2569 oo
1302 2522 1382 2573 nunc

280 2601 362 2681 apud
375 2620 428 2661 vos
441 2622 537 2682 poenrc
550 2603 587 2661 de
597 2622 643 2663 eo
657 2612 841 2682 expetuntur.
865 2600 966 2681 ltabue
980 2602 1062 2663 nulla
1079 2620 1170 2662 causa
1189 2601 1307 2681 reliqua
1324 2616 1382 2675 est,
1456 2606 1457 2617 ¹

278 2704 398 2773 propter
412 2694 622 2773 quamabsolri
632 2696 669 2755 ab
680 2694 741 2753 ullo
751 2694 854 2773 possit.
876 2692 982 2772 Neque
992 2695 1067 2753 enim
1077 2693 1264 2773 illudnegari
1271 2706 1381 2774 potest,

279 2778 337 2845 hoc
349 2785 498 2845 bominum
512 2805 605 2864 mnus
619 2806 687 2846 esse
699 2785 868 2865 reipublice
881 2786 1084 2866 perniciosum.
1110 2784 1189 2849 Nam
1203 2794 1239 2845 ut
1251 2798 1381 2860 taccam,

252 2893 256 2899 ·
278 2896 381 2943 omnes
399 2878 569 2937 intercidere
582 2879 708 2937 mulctas
726 2879 904 2957 reipublice,
918 2878 942 2937 ai
956 2878 1156 2945 cavillationes
1170 2879 1255 2941 istius
1269 2898 1379 2959 appro-
1456 2912 1457 2925 κ

276 2969 397 3040 babitis,
406 2980 441 3027 ut
450 2968 593 3041 omittam,
604 2970 629 3027 si
639 2968 689 3045 qui
698 2970 772 3028 forte
784 2971 876 3049 erarii
887 2970 1052 3029 dimittendi
1062 2970 1132 3042 sint,
1141 2969 1381 3041 humanissimos,

278 3069 310 3139 et
318 3060 452 3138 optimos,
461 3070 493 3119 et
503 3060 620 3119 minime
630 3061 669 3118 ob
679 3060 793 3119 atrocia
802 3060 1086 3133 delictamulotatos,
1097 3080 1162 3124 esse
1173 3060 1378 3133 dimittendos,
1456 3108 1457 3145 ἦ

277 3169 337 3220 pon
349 3149 496 3211 homiuem
508 3150 764 3230 improbissimum,
783 3162 814 3210 et
824 3151 943 3229 flagitiis
962 3161 1146 3231 coopertum,
1163 3162 1194 3211 et
1210 3144 1377 3230 justissime
1456 3184 1457 3225 i

276 3244 460 3314 mulctatum,
479 3253 509 3302 et
521 3244 560 3302 ob
574 3243 741 3321 grauismna
754 3243 986 3321 scelera-quid
1005 3244 1080 3303 euim
1094 3244 1156 3303 lieri
1171 3244 1269 3324 possit
1294 3247 1378 3305 calu·
1456 3232 1457 3327 l

275 3339 355 3397 mnia
367 3348 398 3399 et
410 3336 568 3397 violatione
584 3336 694 3417 legum,
707 3347 826 3416 propter
840 3356 959 3415 quarum
974 3346 1128 3414 utramque
1142 3336 1199 3395 iste
1212 3337 1377 3397 mulctatus
1417 3387 1423 3393 .
1456 3330 1457 3353 ¹

256 3438 332 3501 est,
351 3428 577 3489 atrociori-ut
596 3446 656 3487 non
680 3427 788 3499 dicam,
809 3428 925 3488 tametsi
943 3426 1007 3487 aliis
1028 3427 1162 3487 omnibus
1187 3428 1376 3499 condonetis,
1456 3470 1457 3503 2

273 3520 332 3578 rim
345 3530 443 3579 tamen
460 3519 578 3579 facienti
590 3538 651 3579 non
666 3518 793 3578 dandam
808 3538 872 3578 esse
886 3518 1089 3590 veniam-ea
1101 3518 1179 3577 enim
1194 3520 1376 3585 contumelia

273 3621 379 3671 est--z
394 3620 425 3669 et
434 3630 501 3689 quoe
512 3620 581 3669 sunt
588 3610 650 3689 ejus
662 3610 778 3688 generis
789 3609 855 3682 elia,
864 3609 961 3669 omnia
970 3612 1151 3688 preteream.
1173 3610 1252 3669 lllud
1261 3620 1375 3683 trarrreu¹
1456 3642 1457 3675 i

273 3719 390 3763 omnem
408 3698 497 3759 etiam
515 3700 693 3779 reipublice
705 3711 737 3762 et
755 3702 854 3780 legum
875 3710 1009 3761 ornatum
1029 3702 1196 3761 conturbari
1219 3711 1252 3761 et
1270 3706 1375 3779 everti,
1456 3730 1457 3733 ¹

272 3801 416 3871 quantum
430 3792 460 3849 in
471 3790 529 3851 isto
542 3798 598 3863 est,
610 3791 640 3850 id
654 3810 710 3869 ego
723 3812 771 3852 me
784 3793 866 3853 vobis
880 3793 1030 3854 evidenter
1041 3804 1227 3853 ostensurum
1237 3794 1374 3857 arbitror.

273 3886 379 3945 Dicam
404 3893 501 3943 autem
526 3901 622 3961 neque
645 3903 765 3958 norum,
786 3904 881 3963 neque
903 3886 1084 3958 admirabile,
1106 3904 1204 3965 neque
1223 3886 1376 3965 peculiare
1456 3914 1457 3917 ¹

269 3977 437 4065 quicquam,
452 3974 505 4034 sed
518 3994 554 4035 ea
566 3980 634 4053 quai
647 3975 742 4035 nostis
755 3996 855 4037 omnes
869 3994 950 4055 reque
964 3995 1090 4045 mecum,

311 4070 341 4130 6.
363 4068 395 4136 Si
418 4067 484 4146 quis
498 4067 575 4127 enim
588 4079 717 4127 uestrum
730 4068 872 4145 indagare
893 4069 975 4141 velit,
994 4088 1061 4148 quse
1081 4086 1172 4131 causa
1187 4070 1239 4141 sit,
1260 4070 1372 4148 quidue

269 4160 388 4231 efficiat,
402 4169 436 4217 ut
449 4164 568 4219 senatus
583 4160 750 4238 conveniat,
760 4172 794 4219 ut
806 4160 931 4239 populus
945 4162 975 4219 in
988 4161 1158 4221 concionem
1173 4164 1324 4236 ascendat,
1334 4176 1371 4225 ut

264 4249 376 4326 judicia
387 4250 616 4327 frequententur,
629 4262 663 4309 ut
676 4260 790 4329 veteres
805 4252 991 4329 magistratus
1003 4254 1085 4317 novis
1096 4253 1215 4327 cedant,
1228 4259 1370 4321 utoronia

268 4330 402 4429 perquer
416 4342 486 4399 urbs
506 4342 625 4419 regitur,
639 4351 668 4401 et
679 4352 880 4414 conservetur,
893 4344 976 4414 liant,
992 4342 1073 4423 leges
1087 4345 1117 4403 in
1139 4365 1232 4406 causa
1246 4366 1324 4419 esee,
1338 4362 1370 4411 ct

267 4449 335 4523 quoe
347 4430 461 4507 tegibus
475 4443 640 4523 prestatm,
653 4425 859 4517 obedientiam,
872 4433 1010 4527 inveniet,
1038 4436 1114 4517 Quae
1136 4438 1162 4500 si
1176 4438 1368 4523 abrogentur,
