2934 5000
406 282 918 357 conminuunorronuu.
963 285 998 337 .’
1130 286 1207 364 ,aar

113 440 297 511 de.caura,o
306 436 442 511 rceleate,
456 456 524 501 cum
535 438 635 517 plurer
649 438 708 499 rint
720 438 807 499 annia
815 438 945 517 triginta,
958 454 996 495 ex
1008 454 1076 515 quo.
1085 436 1208 500 κέατ’.

112 531 148 591 in
168 530 331 609 republica:
355 550 423 589 cum
436 530 586 606 interjecto
606 540 737 609 tempore
753 528 838 588 multi
849 540 881 588 et
892 528 985 589 ducea
999 527 1207 607 rempublicam

112 622 295 693 iecerintet
307 631 447 692 oratores,
464 622 514 699 qui
528 620 606 699 apud
619 620 677 681 hoe¹
693 638 813 679 caueam
827 618 977 688 dixerunt,
991 628 1023 677 et
1034 617 1140 695 partim
1152 638 1210 679 rua

113 712 226 771 scelera
243 724 336 771 morte
356 712 473 783 luerint,
494 710 542 769 alii
561 720 676 788 arrepta
695 709 768 787 suga
786 710 816 767 in
837 709 973 771 exsilium
991 709 1133 767 abierint:
1154 718 1207 770 ne‘·

113 802 222 867 minem
234 822 362 880 unquam
374 801 531 881 accusasti,
546 820 603 859 nec
614 819 675 879 prae
689 808 718 859 te
732 800 963 878 indignationem
983 799 1076 861 tulieti
1091 812 1210 881 propter
1304 872 1309 881 ι

41 929 50 937 ·
112 892 208 953 sactae
221 892 389 971 reipublicae
409 890 538 969 injuriae,
559 892 589 948 in
609 898 691 949 tanta
705 888 884 948 confidentia
906 902 956 948 tua
977 899 1009 948 et
1020 889 1208 971 eloquentiae

114 984 170 1043 sed
184 983 223 1044 ibi
239 984 356 1043 demum
381 992 411 1041 te
425 990 588 1041 curatorem
602 1000 635 1039 ee
648 978 808 1059 profereus,
829 979 880 1038 uhi
892 980 977 1038 multi
998 980 1125 1041 laedendi
1144 982 1207 1054 lue·
1223 986 1236 995 ‘

113 1074 205 1133 runtl
225 1074 334 1145 Vultis,
347 1072 551 1143 Athenienses,
565 1072 629 1149 ejue
650 1070 722 1131 reia
739 1090 786 1129 me
805 1089 926 1130 caueam
944 1071 1035 1141 vobis,
1046 1074 1208 1153 explicarit

115 1166 196 1233 Quia
207 1174 238 1224 et
251 1164 322 1234 pecii
335 1174 404 1223 eunt
416 1163 595 1243 injuriarum,
608 1180 683 1239 quar
697 1161 780 1225 vobin
793 1160 914 1238 quidam
927 1162 1046 1231 faciunt,
1060 1164 1140 1225 etde
1153 1184 1207 1227 em·

114 1254 280 1338 actionibus
295 1254 489 1315 suffurantur:
513 1264 553 1326 et,
568 1264 601 1311 ut
620 1253 798 1311 insatiabilia·
806 1262 852 1311 eet
868 1271 968 1312 eorum
986 1254 1143 1331 cupiditas,
1163 1258 1208 1321 bi·
1287 1297 1295 1310 .

115 1346 220 1405 fariam
234 1345 382 1424 republica
395 1343 539 1403 fruuntur.
574 1342 679 1419 Neque
693 1342 770 1401 enim
783 1342 872 1401 tutim
889 1354 935 1402 eat
947 1342 1103 1405 multorum
1118 1357 1148 1406 et
1165 1347 1210 1411 le·

116 1438 191 1495 viter
203 1434 594 1513 delinquentium,auacipere
613 1432 791 1505 inimicitiae,
812 1453 901 1510 quam
918 1452 1076 1512 paucomm
1090 1446 1121 1494 et
1141 1456 1209 1513 gra·
1239 1486 1244 1495 .

116 1526 208 1593 riter:
229 1541 414 1603 aequavero
434 1524 603 1603 popularius
624 1523 815 1583 multitudinis
834 1524 1061 1583 animadvertere
1078 1537 1209 1604 peccata,

68 1624 69 1627 ’
116 1634 207 1697 quam
221 1634 396 1697 paucorum:
417 1615 470 1675 aed
483 1616 540 1675 hoc
551 1616 581 1673 in
591 1634 682 1675 cauea
695 1625 750 1687 eat,
763 1614 843 1693 quod
855 1634 912 1693 ego
924 1615 1002 1674 dico.
1040 1614 1085 1675 Ex
1098 1618 1210 1681 facino·

117 1712 193 1769 rosis
206 1708 263 1768 illia
274 1726 306 1768 ee
321 1726 410 1765 unum
424 1724 489 1767 ease
501 1706 591 1777 novit,
602 1725 654 1765 vce
669 1716 768 1765 autem
779 1704 858 1763 nihili
866 1705 952 1777 fecit3
963 1726 1065 1785 ,eoque
1075 1707 1114 1769 ad
1126 1708 1209 1785 illum

117 1800 236 1861 modum
250 1819 301 1859 voe
316 1798 459 1859 tractavit.
492 1790 569 1857 Nam
589 1797 614 1855 ei
634 1797 844 1876 mancipiorum
865 1798 966 1857 urbem
985 1818 1051 1859 erae
1073 1798 1161 1872 hanc,
1180 1811 1211 1862 at

117 1910 179 1953 nou
191 1910 290 1951 eorum
304 1890 355 1969 qui
368 1890 488 1957 aliorum
502 1889 623 1968 imperio
641 1888 721 1969 dig-ni
734 1890 889 1961 habentur,
901 1910 967 1949 erae
980 1900 1136 1966 constaret,
1149 1912 1210 1956 non

118 1982 271 2043 toleranda
283 1981 386 2041 fuieaet
398 1981 492 2052 iatius,
506 2000 564 2057 qua
578 1981 607 2041 in
621 1980 683 2039 ioro
698 1982 833 2041 utebatur
845 1981 1016 2041 incolentia:
1043 2002 1111 2043 cum
1123 1986 1208 2047 eimtd

118 2084 151 2133 et
162 2072 318 2150 iuquihnoe
332 2081 362 2130 et
375 2070 571 2129 Athenienses
590 2069 720 2143 vinciret,
734 2070 878 2149 abriperet
888 2072 918 2127 in
931 2091 1088 2145 carcerem,
1101 2077 1210 2139 vocife-

119 2172 232 2223 raretur
243 2162 272 2221 in
282 2160 483 2229 concionibus,
495 2178 549 2236 pro
560 2168 710 2237 puggesto,
720 2176 820 2229 nervon
828 2161 920 2217 terrie
932 2171 1019 2221 nator
1027 2166 1211 2241 appellitaret

113 2272 158 2313 ae
177 2252 319 2327 meliores,
338 2260 369 2309 et
388 2258 467 2309 crtoa
487 2243 670 2318 melioribus:
694 2246 906 2322 percontando,
928 2269 967 2307 an
986 2250 1094 2313 frustra
1112 2274 1213 2317 career

110 2356 201 2421 ‚earet
210 2342 382 2402 edificatur.
404 2340 550 2418 Equidem
563 2336 593 2395 id
604 2336 683 2395 haud
694 2338 882 2414 negaverim:
896 2338 1040 2415 siqnidem
1053 2354 1212 2421 murena.

110 2438 199 2511 juda,
211 2455 279 2495 cum
293 2434 362 2513 ipsiu
376 2430 575 2510 compedibus,
589 2431 620 2487 in
639 2430 704 2509 ipra
722 2430 946 2504 Bacchanalium
965 2453 1074 2514 pompa
1095 2440 1212 2502 exsiliit.
1320 2425 1324 2434 ’

112 2531 203 2598 ,Aliae
216 2537 314 2604 autem
328 2524 391 2603 ejna
412 2521 605 2584 contumeliae
629 2539 715 2582 nemo
728 2540 805 2580 unua
822 2525 1038 2600 percensuerit:
1061 2536 1143 2591 tanta
1165 2543 1213 2593 eat

113 2638 221 2690 ¹aarum
237 2615 403 2676 multitudo.
425 2613 483 2672 Pro
497 2613 602 2692 quibua
616 2611 703 2672 hodie
717 2613 859 2673 unireraia
869 2634 962 2693 poeuae
973 2619 1124 2680 sumenda
1133 2635 1212 2697 aunt,

120 2721 152 2772 et
165 2709 330 2787 exemplum
343 2706 373 2766 in
386 2725 453 2764 eum
468 2703 626 2776 edendum,
640 2723 700 2781 quo
712 2704 786 2764 fiant
798 2703 847 2765 alii
859 2707 1077 2772 moderatiorea.

162 2804 212 2860 20.
233 2801 272 2859 At
286 2817 354 2858 vero
366 2796 395 2854 in
411 2796 455 2856 hia
469 2796 544 2854 actis
566 2795 690 2875 puhlicis
704 2805 751 2854 est
771 2795 848 2865 talia,
860 2798 890 2855 in
903 2797 967 2856 aliia
981 2810 1078 2861 autem
1091 2803 1212 2882 qnihne·

112 2893 191 2966 ,dam
200 2895 275 2952 hene
288 2909 320 2950 ae
329 2887 440 2968 gemiti
461 2887 554 2946 immo
567 2887 598 2960 in
607 2877 711 2946 ceteria
725 2887 858 2946 omnihus
868 2888 956 2948 talem
968 2909 1001 2957 ae
1009 2895 1133 2970 prebuit
1140 2917 1213 2977 erga
1269 2953 1273 2959 .

115 3003 186 3060 ¹verr,
199 2991 234 3040 ut
250 2983 280 3040 in
297 2981 332 3040 iia
350 2999 420 3058 ¹quac
442 2975 577 3052 audistin,
598 2978 714 3050 minima
738 2977 807 3037 odio
828 2979 867 3052 eit
890 2980 1007 3059 dignor.
1032 2984 1111 3053 Quid
1133 2993 1211 3052 0121„

121 3073 210 3136 vultis
223 3070 340 3146 dicaml
363 3069 531 3142 solennium
546 3075 679 3131 ruborum
693 3068 988 3142 reconcinnatiouem,
1000 3085 1212 3142 etcorouar'unr

123 3163 361 3233 destructionem,
372 3171 423 3232 aut
442 3159 601 3237 phialarum
618 3159 776 3218 factionem
788 3159 868 3219 illam
880 3163 1072 3240 praeclaraml
1089 3167 1151 3228 Sed
1164 3173 1213 3232 vel

122 3266 243 3338 propter
254 3253 328 3320 haec,
342 3261 372 3310 et
384 3249 408 3310 ai
422 3249 501 3332 nulla
515 3249 572 3325 alia
584 3249 791 3327 rempublicam
804 3249 909 3329 injuria
920 3249 1075 3328 affeciaaet,
1085 3266 1140 3330 ter,
1153 3279 1212 3320 non

110 3347 214 3418 ,semel
227 3345 372 3419 duntaxat
383 3342 450 3420 jure
464 3341 653 3400 occideretur.
682 3339 760 3398 Nam
778 3351 810 3398 et
826 3341 979 3418 sacrilegii,
998 3353 1029 3402 et
1046 3344 1212 3425 impietatis,
1293 3361 1299 3370 ¹

122 3453 154 3504 et
166 3437 332 3521 peculatus,
342 3444 376 3506 et
385 3433 514 3493 omnium
527 3431 761 3510 gravieeimorum
775 3432 918 3492 scelerum
931 3451 998 3492 rena
1010 3435 1081 3496 ert'
1091 3440 1138 3500 Ac
1150 3444 1214 3522 pla·

123 3553 212 3614 reque
230 3517 303 3610 ejue
323 3529 422 3600 verba,
441 3526 547 3605 quibua
570 3522 770 3597 iucnmvohia
792 3522 1211 3610 iaciebatqpreeteriborcum

123 3649 192 3692 vero
202 3627 322 3686 dixisset
331 3623 400 3681 lolia
410 3620 537 3680 defluere
551 3617 588 3686 de
597 3615 723 3686 coronis,
735 3624 767 3674 et
775 3631 826 3674 eae
834 3623 978 3674 vetustate
988 3626 1211 3702 compatrum,

111 3721 209 3803 quasi
218 3718 355 3782 violacea
363 3724 472 3783 errent,
483 3721 679 3778 autroaaceae,
689 3726 746 3766 non
755 3706 952 3777 aureae,rohia
964 3719 1065 3770 auctor
1077 3729 1128 3778 ena
1142 3735 1212 3775 con-

110 3813 213 3882 ‚flandi
222 3811 287 3870 iuit.
318 3807 424 3866 Poetea
436 3805 468 3864 in
480 3802 593 3865 tributis
606 3799 756 3878 exigendis
770 3797 874 3856 adeaae
888 3797 1050 3858 ministrum
1064 3805 1213 3879 pubiicum

110 3907 220 3988 jureii,
237 3912 271 3962 ut
289 3899 333 3960 tir
353 3899 457 3968 bonna,
478 3887 545 3954 cum
575 3885 612 3952 ea
630 3890 737 3968 cinguli
757 3889 806 3967 qui
828 3889 1026 3966 pependerant
1047 3891 1212 3972 inacripturi

125 4005 243 4058 errent:
264 3992 293 4050 in
306 3988 421 4050 coronis
435 3997 532 4062 autem
550 4001 624 4062 quaa
638 3979 821 4054 concidebat,
830 3978 972 4056 justitiam
986 3979 1064 4037 iilam
1086 3999 1146 4045 non
1158 3989 1213 4050 ad·

111 4087 228 4156 hibuit,
241 4084 295 4144 red
308 4083 369 4161 ipae
383 4089 489 4148 orator,
502 4074 653 4144 aurifueor,
666 4081 804 4150 quaestor,
817 4069 971 4146 inscriptor
983 4069 1102 4130 exstitit.
1122 4076 1213 4157 Aequi

126 4181 151 4240 ei
165 4180 195 4238 in
208 4177 353 4242 omuibue',
362 4191 427 4250 quae
439 4167 554 4248 publico
567 4165 673 4243 agebas
687 4162 813 4228 nomine,
828 4159 928 4218 haberi
942 4158 994 4216 tibi
1009 4159 1095 4222 fidem
1110 4181 1212 4242 postu.
1235 4210 1241 4221 ,

111 4273 231 4342 laesae,
244 4245 331 4326 ¹furta
351 4263 514 4328 tueminue
533 4266 630 4318 creent
649 4254 839 4332 deprehensa.
877 4249 966 4320 Nunc
982 4249 1215 4332 intributimt

126 4377 243 4438 equum
255 4367 311 4430 eat,
324 4374 384 4442 pou
397 4351 561 4415 habendam
572 4347 624 4408 tibi
636 4365 701 4422 esee
716 4344 803 4402 iidem
815 4359 884 4401 curn
897 4343 1038 4420 emacem,
1051 4348 1105 4418 red
1124 4356 1214 4418 wi,
