2934 5000
253 281 311 346 teo
538 287 584 348 m
606 287 790 349 curtraci
812 281 1070 356 calmoseis

249 447 365 500 turoam
385 458 453 502 esse
472 443 675 504 concordiam:
697 444 811 523 quoties
836 465 905 507 vero
924 467 961 506 ex
981 446 1092 508 insidiis
1110 456 1142 508 et
1161 448 1281 509 avaritia
1295 467 1348 530 per

248 529 442 610 imposturam
456 545 486 594 et
500 533 664 594 violentiam
677 537 854 609 obtinentur,
874 549 908 598 ut
927 540 965 599 ab
984 539 1042 600 isto
1060 557 1150 611 nunc,
1164 559 1255 619 parva
1274 560 1348 619 qna.

247 627 328 704 piam
342 627 496 687 occasione
510 638 540 687 et
550 630 734 708 quantumvis
743 630 801 690 lesi
811 629 971 690 offensione
985 632 1118 692 celeriter
1127 631 1234 692 discuti
1243 633 1346 693 etdis-

249 717 321 778 solvi
336 719 443 782 omnia.
476 720 556 789 Quin
577 731 608 782 et
624 723 772 802 reputanti
791 723 861 781 mihi
881 742 1081 802 saepenumero
1097 719 1279 804 compertum
1291 735 1347 797 est,

248 829 310 870 non
324 811 429 883 solum,
452 813 656 884 Athenienses,
675 813 795 874 socialia
807 815 917 878 loedere
930 815 1066 896 Philippo
1084 816 1299 896 suspicionibus
1316 828 1348 877 et

248 905 323 966 odiis
337 906 445 976 labere,
461 907 514 966 sed
527 919 556 967 et
568 906 676 987 proprii
689 908 802 987 imperii
817 911 979 988 potentiam
987 928 1047 969 non
1059 910 1145 982 belle,
1159 929 1256 989 neque
1267 921 1346 990 epte,
1458 972 1460 985 ‚

248 1016 345 1076 neque
360 1009 395 1059 ut
408 999 558 1058 arbitretur
572 999 684 1077 aliquis,
699 1019 765 1060 esse
784 1003 998 1083 compositores
1016 1000 1134 1061 omnino
1150 1002 1228 1060 enim
1242 1003 1346 1062 Mace-

248 1090 356 1150 donica
369 1093 509 1170 potentie,
530 1091 722 1152 additamenti
735 1092 855 1172 quidem
868 1091 941 1166 rice,
954 1093 1093 1173 ponderis
1112 1093 1244 1152 nonnihil
1256 1093 1347 1153 habet

248 1173 337 1262 etque
350 1203 440 1254 usus:
462 1185 525 1264 ipsa
542 1203 610 1244 vero
624 1203 677 1264 per
690 1204 757 1244 sese
775 1183 889 1245 infirma
903 1196 1011 1259 estet,
1025 1187 1154 1244 sitente
1166 1184 1236 1243 moli
1249 1203 1346 1244 rerum

246 1285 443 1354 comparetur,
462 1275 660 1356 despicienda.
694 1275 842 1336 Praeterea
855 1277 919 1358 ipse
933 1296 998 1337 eam
1010 1276 1096 1336 hellis
1109 1285 1141 1335 et
1153 1275 1346 1355 expeditioni·

245 1369 311 1440 bus,
326 1379 356 1429 et
369 1371 454 1430 rebu‘s
468 1369 524 1430 illis
539 1369 673 1430 omnibus
693 1379 812 1450 propter
832 1389 906 1449 quas
927 1387 1049 1448 magnus
1071 1367 1228 1429 existimari
1241 1369 1345 1447 possit,

246 1459 432 1524 infirmiorem
447 1463 500 1522 sibi
513 1463 670 1542 minusque
689 1463 778 1522 fidam
792 1461 935 1522 reddidit:
957 1460 1048 1521 nolite
1070 1460 1147 1520 enim
1167 1461 1346 1533 existimare,

247 1555 458 1628 Athenienses,
478 1555 582 1617 iisdem
604 1558 690 1616 rebus
709 1554 848 1615 delectari
867 1554 1033 1635 Philippum
1053 1564 1084 1612 et
1101 1554 1243 1635 populum
1263 1555 1344 1635 ejus:

247 1647 301 1706 sed
320 1649 393 1708 illud
406 1648 600 1720 considerate,
622 1649 744 1726 gloriam
767 1646 860 1718 illum,
875 1646 930 1706 hos
952 1646 1138 1706 securitatem
1160 1645 1344 1706 desiderare:
1458 1674 1459 1677 ¹

245 1757 333 1818 quam
349 1760 403 1800 nec
415 1741 464 1801 ille
478 1742 539 1800 sine
554 1739 690 1819 periculis
709 1738 832 1818 adipisci
850 1748 958 1818 potest,
972 1737 1061 1798 ethis
1074 1737 1192 1797 minime
1205 1747 1345 1818 opportu-

246 1851 316 1890 num
330 1843 385 1905 est,
398 1832 504 1893 relictis
514 1831 593 1891 domi
607 1829 720 1903 liberis,
729 1831 912 1910 parentibus,
927 1830 1076 1902 uxoribus,
1097 1830 1192 1902 atteri,
1205 1843 1236 1891 et
1248 1830 1344 1892 indies

245 1941 300 2002 pro
314 1942 351 1982 eo
365 1923 530 2004 periclitari.
565 1921 610 1980 Ex
623 1921 821 2001 quo-perspici
835 1931 941 2001 potest,
954 1921 1104 2001 quomodo
1121 1923 1226 2003 vulgus
1241 1923 1344 1986 Maee-

246 2015 355 2074 donum
369 2035 442 2096 erga
454 2015 620 2095 Philippum
632 2013 669 2073 sit
678 2012 833 2073 affectum:
854 2014 917 2094 ejus
927 2032 1014 2093 porro
1025 2014 1181 2074 familiares
1194 2010 1225 2074 e't
1234 2018 1344 2077 amicos

187 2113 191 2126 '
234 2117 274 2166 et
284 2109 432 2188 peregrini
452 2108 547 2168 militis
562 2107 664 2180 duces,
677 2106 766 2167 laude
786 2105 905 2186 quidem
922 2105 1025 2167 llorere
1037 2105 1225 2179 fortitudinis,
1246 2107 1344 2168 sedin

244 2199 353 2280 majore
366 2211 447 2261 metu
464 2221 551 2281 quam
574 2200 706 2260 homiues
728 2203 869 2261 obscuros
890 2199 996 2288 vivere,
1013 2201 1182 2270 invenietis:
1203 2201 1251 2262 his
1265 2203 1343 2262 enim

243 2293 343 2352 hostes
350 2293 553 2354 tantummodo
560 2293 709 2354 metuendi
716 2303 800 2362 sunt·,
811 2292 853 2352 illi
862 2303 960 2352 autem
968 2293 1061 2372 magis
1071 2294 1107 2352 ab
1116 2295 1344 2355 assentatoribus

241 2393 272 2444 et
282 2385 548 2460 calumniatoribus,
557 2407 643 2467 quam
656 2406 674 2446 a
686 2385 791 2466 praeliis
801 2396 944 2445 metuunt.
967 2386 1015 2445 Ac
1028 2385 1071 2445 illi
1084 2386 1214 2464 quidem,
1227 2387 1343 2467 adjuto·

242 2476 322 2540 ribus
335 2481 481 2554 omnibus,
494 2499 561 2542 cum
576 2481 708 2542 hostibus
721 2489 874 2560 pugnant:
893 2479 941 2539 bis
955 2491 1054 2542 autem
1070 2493 1100 2541 et
1116 2480 1185 2542 belli
1198 2483 1341 2543 malorum

241 2582 354 2651 partem
367 2572 447 2632 haud
462 2572 636 2633 mediocrem
650 2572 792 2631 sustinere
809 2573 947 2653 contigit;
969 2582 1000 2633 et
1019 2574 1140 2633 seorsim
1160 2574 1237 2653 regis
1257 2574 1342 2654 inge-

242 2664 322 2732 nium
343 2684 544 2744 expavescere.
581 2665 631 2725 Ad
645 2664 722 2736 lroeo,
745 2666 769 2723 si
790 2665 922 2745 plebeius
943 2664 1048 2745 aliquis
1069 2666 1232 2746 deliquerit,
1252 2688 1342 2747 poena

240 2776 294 2837 pro
303 2758 402 2817 delicti
414 2758 503 2817 modo
517 2758 542 2817 ei
557 2758 710 2837 infligitur3
732 2777 869 2838 proceres
878 2778 947 2818 vero
958 2769 1030 2832 tam,
1043 2779 1110 2820 curn
1120 2760 1342 2839 praeclarissime

241 2868 274 2910 se
289 2860 453 2929 gesserunt,
474 2851 605 2911 maximis
624 2853 762 2913 conuiciis
776 2862 807 2912 et
824 2853 1006 2913 contumeliis
1019 2865 1124 2934 praeter
1143 2854 1277 2915 meritum
1296 2857 1342 2915 in·

155 2976 159 2995 .
240 2952 416 3003 cessuntnrt
440 2962 535 3021 neque
554 2944 709 3023 quisquam
731 2964 812 3004 sanae
833 2946 937 3006 mentis
963 2946 1052 3005 fidem
1069 2946 1115 3006 his
1136 2948 1339 3026 abrogaverit3

239 3052 306 3093 eum
321 3034 398 3095 enirn
411 3036 452 3095 ita
467 3034 566 3114 gloriae
581 3036 740 3117 cupiditate
755 3038 964 3098 inflammatum
982 3058 1046 3099 esse
1061 3038 1164 3098 dicunt
1176 3038 1217 3111 hi,
1230 3039 1339 3119 qulbus

239 3124 419 3187 familiariter
439 3138 526 3187 notus
540 3138 593 3200 eet,
614 3138 647 3188 ut
661 3128 763 3189 omnia
776 3130 918 3209 preclara
934 3130 1065 3190 facinora
1085 3150 1140 3190 sun
1160 3150 1224 3191 esse
1247 3132 1338 3192 videri

239 3218 319 3293 velit,
340 3232 371 3281 et
390 3220 485 3301 magis
505 3221 672 3301 indignetur
692 3223 817 3283 ducibus
838 3233 870 3283 et
888 3224 1033 3304 praelectis
1053 3224 1102 3302 qui
1123 3224 1233 3304 aliquid
1251 3218 1346 3286 leude

241 3311 363 3391 dignum
377 3310 542 3393 gesserunt,
553 3336 641 3397 quam
656 3316 711 3376 illis
725 3314 776 3396 qui
789 3335 908 3396 pmrsus
922 3315 1118 3376 offenderunt.

279 3408 310 3463 4.
331 3406 391 3475 Qui
403 3406 437 3467 tt
449 3406 548 3487 igitur,
563 3408 588 3468 si
602 3408 660 3469 ista
672 3430 742 3469 vera
755 3420 834 3481 sunt,
847 3418 882 3468 ut
891 3411 953 3488 Jam
967 3409 1088 3487 longum
1100 3419 1216 3488 tempus
1234 3410 1266 3468 in
1279 3408 1338 3469 lide

156 3530 163 3537 ·
240 3508 378 3557 maneant
399 3518 453 3559 nec
480 3520 547 3559 eum
573 3500 733 3561 deserenti
754 3502 833 3571 Quia
858 3519 1020 3573 successus,
1043 3500 1251 3569 Athenienses,
1274 3501 1337 3559 haec

239 3589 337 3649 omnia
357 3590 480 3671 caligine
500 3593 666 3663 involvunt3
689 3614 758 3655 nam
775 3592 914 3654 secundoe
934 3612 979 3653 res
996 3612 1133 3673 magnam
1150 3592 1209 3652 vim
1228 3592 1340 3653 habent

239 3682 279 3741 ad
291 3693 414 3761 peccata
426 3681 579 3745 hominum
592 3688 778 3765 contegenda
791 3697 821 3746 et
830 3686 1050 3746 obumbranda:
1071 3685 1124 3746 sed
1136 3686 1161 3745 si
1174 3704 1262 3765 quam
1275 3686 1336 3745 cla-

239 3775 307 3835 dem
321 3776 477 3855 acceperit,
492 3787 554 3836 tum
568 3778 597 3836 in
611 3790 742 3858 opertum
756 3779 821 3839 hoec
835 3779 933 3838 omnia
945 3779 1044 3859 palam
1062 3777 1265 3859 proferentum
1287 3797 1336 3838 ea-

240 3868 308 3929 dem
327 3870 404 3929 enim
418 3869 521 3929 harum
536 3888 631 3929 rerum
646 3871 721 3931 ratio
742 3882 797 3942 est,
818 3890 885 3949 qnae
905 3889 1058 3951 corporum
1073 3881 1250 3942 nostrorum,
1268 3889 1336 3930 nam

237 3960 307 4020 dum
330 3961 435 4041 aliquia
453 3961 541 4034 valet,
554 3960 665 4021 nullum
680 3982 716 4022 ex
732 3963 809 4021 male
828 3960 940 4022 affectis
954 3964 1083 4042 partibus
1098 3964 1230 4024 dolorem
1246 3982 1336 4023 sensu

237 4056 378 4134 percipit;
400 4056 443 4115 sin
458 4054 640 4126 decubuerit,
660 4064 879 4113 commoventur
892 4056 1000 4129 omnia,
1020 4056 1081 4114 sive
1099 4065 1217 4136 ruptum
1232 4055 1273 4115 sit
1284 4054 1337 4113 ali-

237 4146 318 4225 quid,
332 4148 393 4208 sivc
407 4149 550 4219 luxatum,
566 4148 626 4207 sive
640 4147 719 4226 quod
731 4146 811 4207 aliud
825 4150 984 4207 membrum
997 4149 1130 4228 perlecta
1143 4148 1268 4221 sanitate
1281 4146 1333 4239 de-

235 4240 391 4299 etituatur:
413 4240 455 4301 sic
475 4240 563 4301 etiam
583 4241 617 4298 fit
637 4239 666 4298 in
687 4239 783 4317 regnis
803 4250 833 4299 et
855 4240 1032 4320 quibuslibet
1052 4241 1189 4321 imperiis,
1211 4240 1282 4299 dum
1303 4239 1333 4297 in

233 4328 318 4391 hellis
327 4331 449 4391 uictoria
462 4332 621 4413 potiuntur,
636 4350 737 4391 eorum
751 4332 829 4407 mala
842 4334 948 4413 vulgus
960 4353 1018 4392 non
1028 4333 1186 4413 perspicit;
1206 4334 1251 4393 sin
1261 4330 1332 4393 ulic-

234 4423 283 4483 ubi
297 4424 477 4505 impegerint,
491 4426 522 4485 id
537 4427 617 4505 quod
640 4426 667 4487 ei
680 4444 759 4487 nunc
779 4446 837 4490 usu
850 4438 1004 4490 venturum
1017 4426 1170 4487 verisimile
1188 4438 1235 4487 est
1248 4435 1347 4505 poso·
