<?xml version="1.0" encoding="UTF-8"?>
<!DOCTYPE html PUBLIC "-//W3C//DTD XHTML 1.0 Transitional//EN"
    "http://www.w3.org/TR/xhtml1/DTD/xhtml1-transitional.dtd">
<html xmlns="http://www.w3.org/1999/xhtml" xml:lang="en" lang="en">
 <head>
  <title>
</title>
<meta http-equiv="Content-Type" content="text/html;charset=utf-8" />
  <meta name='ocr-system' content='tesseract 3.04.00' />
  <meta name='ocr-capabilities' content='ocr_page ocr_carea ocr_par ocr_line ocrx_word'/>
</head>
<body>
  <div class='ocr_page' id='page_1' title='image "./demosthenisetsc09ulpigoog/demosthenisetsc09ulpigoog_0098.png"; bbox 0 0 2934 5000; ppageno 0'>
   <div class='ocr_carea' id='block_1_1' title="bbox 135 253 940 370">
    <p class='ocr_par' dir='ltr' id='par_1_1' title="bbox 135 253 940 370">
     <span class='ocr_line' id='line_1_1' title="bbox 135 253 940 370; baseline 0.012 -12"><span class='ocrx_word' id='word_1_1' title='bbox 135 253 144 262; x_wconf 67' lang='grc'><strong>’</strong></span> <span class='ocrx_word' id='word_1_2' title='bbox 245 303 283 360; x_wconf 82' lang='lat' dir='ltr'>rs</span> <span class='ocrx_word' id='word_1_3' title='bbox 636 303 873 370; x_wconf 80' lang='lat' dir='ltr'>rrrurrrros</span> <span class='ocrx_word' id='word_1_4' title='bbox 899 307 940 370; x_wconf 82' lang='grc' dir='ltr'>ιι.</span> 
     </span>
    </p>
   </div>
   <div class='ocr_carea' id='block_1_2' title="bbox 181 453 1357 1000">
    <p class='ocr_par' dir='ltr' id='par_1_2' title="bbox 181 453 1357 1000">
     <span class='ocr_line' id='line_1_2' title="bbox 243 453 1341 543; baseline 0.002 -27"><span class='ocrx_word' id='word_1_5' title='bbox 243 454 331 529; x_wconf 79' lang='lat' dir='ltr'>titios,</span> <span class='ocrx_word' id='word_1_6' title='bbox 340 457 366 517; x_wconf 89' lang='lat' dir='ltr'>si</span> <span class='ocrx_word' id='word_1_7' title='bbox 378 459 443 537; x_wconf 84' lang='lat' dir='ltr'>quir</span> <span class='ocrx_word' id='word_1_8' title='bbox 456 467 559 520; x_wconf 88' lang='lat' dir='ltr'>contra</span> <span class='ocrx_word' id='word_1_9' title='bbox 573 459 743 541; x_wconf 70' lang='lat' dir='ltr'><strong>Philippum</strong></span> <span class='ocrx_word' id='word_1_10' title='bbox 752 462 863 539; x_wconf 79' lang='lat' dir='ltr'>aliquid</span> <span class='ocrx_word' id='word_1_11' title='bbox 872 453 1341 543; x_wconf 71' lang='lat' dir='ltr'>rtxtustillistenporibuacum</span> 
     </span>
     <span class='ocr_line' id='line_1_3' title="bbox 244 548 1341 638; baseline -0.002 -28"><span class='ocrx_word' id='word_1_12' title='bbox 244 548 474 612; x_wconf 82' lang='lat' dir='ltr'>Anthemuntem</span> <span class='ocrx_word' id='word_1_13' title='bbox 487 551 528 614; x_wconf 86' lang='lat' dir='ltr'>eis</span> <span class='ocrx_word' id='word_1_14' title='bbox 538 552 722 625; x_wconf 76' lang='lat' dir='ltr'>concederet,</span> <span class='ocrx_word' id='word_1_15' title='bbox 731 571 820 632; x_wconf 87' lang='lat' dir='ltr'>qnam</span> <span class='ocrx_word' id='word_1_16' title='bbox 828 553 929 612; x_wconf 88' lang='lat' dir='ltr'>urbem</span> <span class='ocrx_word' id='word_1_17' title='bbox 939 552 1106 638; x_wconf 84' lang='lat' dir='ltr'>sibiomnes</span> <span class='ocrx_word' id='word_1_18' title='bbox 1115 549 1226 629; x_wconf 72' lang='lat' dir='ltr'>priores</span> <span class='ocrx_word' id='word_1_19' title='bbox 1233 549 1341 610; x_wconf 83' lang='lat' dir='ltr'>Mace·</span> 
     </span>
     <span class='ocr_line' id='line_1_4' title="bbox 181 633 1357 722; baseline -0.002 -20"><span class='ocrx_word' id='word_1_20' title='bbox 181 633 189 646; x_wconf 77' lang='lat'>&#39;</span> <span class='ocrx_word' id='word_1_21' title='bbox 242 641 339 702; x_wconf 77' lang='lat' dir='ltr'>donico</span> <span class='ocrx_word' id='word_1_22' title='bbox 361 662 446 722; x_wconf 71' lang='lat' dir='ltr'>reges</span> <span class='ocrx_word' id='word_1_23' title='bbox 466 643 693 716; x_wconf 75' lang='lat' dir='ltr'>vindicaverent,</span> <span class='ocrx_word' id='word_1_24' title='bbox 714 641 961 704; x_wconf 84' lang='lat' dir='ltr'>cum-Potidsnam</span> <span class='ocrx_word' id='word_1_25' title='bbox 980 641 1106 702; x_wconf 88' lang='lat' dir='ltr'>donaret</span> <span class='ocrx_word' id='word_1_26' title='bbox 1119 640 1357 716; x_wconf 39' lang='lat' dir='ltr'>Atheniensium,</span> 
     </span>
     <span class='ocr_line' id='line_1_5' title="bbox 242 733 1341 813; baseline -0.004 -17"><span class='ocrx_word' id='word_1_27' title='bbox 242 734 355 796; x_wconf 86' lang='lat' dir='ltr'>colonis</span> <span class='ocrx_word' id='word_1_28' title='bbox 373 736 481 812; x_wconf 85' lang='lat' dir='ltr'>ejectis,</span> <span class='ocrx_word' id='word_1_29' title='bbox 501 755 569 796; x_wconf 90' lang='lat' dir='ltr'>cnm</span> <span class='ocrx_word' id='word_1_30' title='bbox 583 746 615 797; x_wconf 90' lang='lat' dir='ltr'>et</span> <span class='ocrx_word' id='word_1_31' title='bbox 626 745 742 796; x_wconf 79' lang='lat' dir='ltr'>nostroe</span> <span class='ocrx_word' id='word_1_32' title='bbox 765 734 931 794; x_wconf 76' lang='lat' dir='ltr'>inimiciu&#39;ss</span> <span class='ocrx_word' id='word_1_33' title='bbox 954 733 1019 813; x_wconf 81' lang='lat' dir='ltr'>ipne</span> <span class='ocrx_word' id='word_1_34' title='bbox 1039 734 1210 812; x_wconf 70' lang='lat' dir='ltr'>erumperet,</span> <span class='ocrx_word' id='word_1_35' title='bbox 1223 741 1255 794; x_wconf 86' lang='lat' dir='ltr'>et</span> <span class='ocrx_word' id='word_1_36' title='bbox 1272 751 1341 812; x_wconf 91' lang='lat' dir='ltr'>pro-</span> 
     </span>
     <span class='ocr_line' id='line_1_6' title="bbox 240 823 1342 908; baseline -0.005 -16"><span class='ocrx_word' id='word_1_37' title='bbox 240 829 367 892; x_wconf 77' lang='lat' dir='ltr'>vinciam</span> <span class='ocrx_word' id='word_1_38' title='bbox 376 829 434 890; x_wconf 88' lang='lat' dir='ltr'>illis</span> <span class='ocrx_word' id='word_1_39' title='bbox 447 829 601 890; x_wconf 77' lang='lat' dir='ltr'>fruendam</span> <span class='ocrx_word' id='word_1_40' title='bbox 609 823 713 890; x_wconf 75' lang='lat' dir='ltr'>darell</span> <span class='ocrx_word' id='word_1_41' title='bbox 723 827 866 908; x_wconf 84' lang='lat' dir='ltr'>Nnnqnid</span> <span class='ocrx_word' id='word_1_42' title='bbox 877 839 1065 908; x_wconf 81' lang='lat' dir='ltr'>exspectasse</span> <span class='ocrx_word' id='word_1_43' title='bbox 1076 827 1119 887; x_wconf 83' lang='lat' dir='ltr'>itu</span> <span class='ocrx_word' id='word_1_44' title='bbox 1131 845 1231 887; x_wconf 85' lang='lat' dir='ltr'>secum</span> <span class='ocrx_word' id='word_1_45' title='bbox 1240 836 1342 888; x_wconf 85' lang='lat' dir='ltr'>actum</span> 
     </span>
     <span class='ocr_line' id='line_1_7' title="bbox 238 914 1343 1000; baseline -0.001 -19"><span class='ocrx_word' id='word_1_46' title='bbox 238 921 285 997; x_wconf 89' lang='lat' dir='ltr'>iri,</span> <span class='ocrx_word' id='word_1_47' title='bbox 304 921 352 982; x_wconf 83' lang='lat' dir='ltr'>vel</span> <span class='ocrx_word' id='word_1_48' title='bbox 371 922 508 1000; x_wconf 80' lang='lat' dir='ltr'>cuiqnam</span> <span class='ocrx_word' id='word_1_49' title='bbox 528 923 585 982; x_wconf 87' lang='lat' dir='ltr'>ists</span> <span class='ocrx_word' id='word_1_50' title='bbox 606 921 716 982; x_wconf 81' lang='lat' dir='ltr'>dicenti</span> <span class='ocrx_word' id='word_1_51' title='bbox 736 914 921 982; x_wconf 74' lang='lat' dir='ltr'>credituros?</span> <span class='ocrx_word' id='word_1_52' title='bbox 941 921 1012 980; x_wconf 87' lang='lat' dir='ltr'>Non</span> <span class='ocrx_word' id='word_1_53' title='bbox 1023 918 1145 992; x_wconf 77' lang='lat' dir='ltr'>hercule</span> <span class='ocrx_word' id='word_1_54' title='bbox 1156 917 1343 980; x_wconf 76' lang='lat' dir='ltr'>existimetis.</span> 
     </span>
    </p>
   </div>
   <div class='ocr_carea' id='block_1_3' title="bbox 113 1011 1341 1100">
    <p class='ocr_par' dir='ltr' id='par_1_3' title="bbox 113 1011 1341 1100">
     <span class='ocr_line' id='line_1_8' title="bbox 113 1011 1341 1100; baseline -0.002 -26"><span class='ocrx_word' id='word_1_55' title='bbox 113 1011 119 1022; x_wconf 64' lang='grc'><em>“</em></span> <span class='ocrx_word' id='word_1_56' title='bbox 240 1012 305 1074; x_wconf 85' lang='lat' dir='ltr'>Sed</span> <span class='ocrx_word' id='word_1_57' title='bbox 319 1024 427 1088; x_wconf 73' lang='lat' dir='ltr'>temen,</span> <span class='ocrx_word' id='word_1_58' title='bbox 440 1014 568 1093; x_wconf 78' lang='lat' dir='ltr'>inquam,</span> <span class='ocrx_word' id='word_1_59' title='bbox 583 1034 651 1076; x_wconf 84' lang='lat' dir='ltr'>curn</span> <span class='ocrx_word' id='word_1_60' title='bbox 671 1015 779 1095; x_wconf 80' lang='lat' dir='ltr'>exigno</span> <span class='ocrx_word' id='word_1_61' title='bbox 791 1023 922 1094; x_wconf 89' lang='lat' dir='ltr'>ternpore</span> <span class='ocrx_word' id='word_1_62' title='bbox 935 1013 1039 1074; x_wconf 77' lang='lat' dir='ltr'>eliense</span> <span class='ocrx_word' id='word_1_63' title='bbox 1051 1024 1135 1100; x_wconf 77' lang='lat' dir='ltr'>teme</span> <span class='ocrx_word' id='word_1_64' title='bbox 1147 1013 1259 1072; x_wconf 83' lang='lat' dir='ltr'>lnrctus</span> <span class='ocrx_word' id='word_1_65' title='bbox 1271 1031 1341 1092; x_wconf 88' lang='lat' dir='ltr'>per-</span> 
     </span>
    </p>
   </div>
   <div class='ocr_carea' id='block_1_4' title="bbox 167 1105 1387 3871">
    <p class='ocr_par' dir='ltr' id='par_1_4' title="bbox 167 1105 1387 3128">
     <span class='ocr_line' id='line_1_9' title="bbox 189 1105 1342 1187; baseline 0.001 -22"><span class='ocrx_word' id='word_1_66' title='bbox 189 1139 193 1150; x_wconf 50' lang='lat' dir='ltr'>v</span> <span class='ocrx_word' id='word_1_67' title='bbox 240 1105 398 1186; x_wconf 77' lang='lat' dir='ltr'>cepissent,</span> <span class='ocrx_word' id='word_1_68' title='bbox 411 1107 501 1186; x_wconf 81' lang='lat' dir='ltr'>longo</span> <span class='ocrx_word' id='word_1_69' title='bbox 525 1117 631 1187; x_wconf 84' lang='lat' dir='ltr'>suapte</span> <span class='ocrx_word' id='word_1_70' title='bbox 653 1107 805 1187; x_wconf 78' lang='lat' dir='ltr'>privantur</span> <span class='ocrx_word' id='word_1_71' title='bbox 820 1108 859 1166; x_wconf 91' lang='lat' dir='ltr'>ab</span> <span class='ocrx_word' id='word_1_72' title='bbox 872 1125 919 1180; x_wconf 89' lang='lat' dir='ltr'>eo,</span> <span class='ocrx_word' id='word_1_73' title='bbox 931 1107 1059 1187; x_wconf 80' lang='lat' dir='ltr'>-turpiter</span> <span class='ocrx_word' id='word_1_74' title='bbox 1080 1106 1176 1186; x_wconf 87' lang='lat' dir='ltr'>ejecti,</span> <span class='ocrx_word' id='word_1_75' title='bbox 1197 1124 1256 1166; x_wconf 92' lang='lat' dir='ltr'>non</span> <span class='ocrx_word' id='word_1_76' title='bbox 1269 1105 1342 1167; x_wconf 77' lang='lat' dir='ltr'>victi</span> 
     </span>
     <span class='ocr_line' id='line_1_10' title="bbox 238 1189 1342 1287; baseline -0.002 -27"><span class='ocrx_word' id='word_1_77' title='bbox 238 1210 356 1261; x_wconf 81' lang='lat' dir='ltr'>tentum</span> <span class='ocrx_word' id='word_1_78' title='bbox 373 1201 429 1262; x_wconf 80' lang='lat' dir='ltr'>ned</span> <span class='ocrx_word' id='word_1_79' title='bbox 443 1212 473 1260; x_wconf 92' lang='lat' dir='ltr'>et</span> <span class='ocrx_word' id='word_1_80' title='bbox 489 1201 596 1282; x_wconf 90' lang='lat' dir='ltr'>proditi</span> <span class='ocrx_word' id='word_1_81' title='bbox 609 1221 627 1262; x_wconf 86' lang='lat' dir='ltr'>s</span> <span class='ocrx_word' id='word_1_82' title='bbox 640 1201 744 1283; x_wconf 85' lang='lat' dir='ltr'>reipsis</span> <span class='ocrx_word' id='word_1_83' title='bbox 765 1212 797 1261; x_wconf 89' lang='lat' dir='ltr'>et</span> <span class='ocrx_word' id='word_1_84' title='bbox 817 1191 953 1260; x_wconf 62' lang='lat' dir='ltr'>venditit</span> <span class='ocrx_word' id='word_1_85' title='bbox 970 1189 1064 1280; x_wconf 72' lang='lat' dir='ltr'>neque</span> <span class='ocrx_word' id='word_1_86' title='bbox 1082 1199 1161 1259; x_wconf 89' lang='lat' dir='ltr'>enim</span> <span class='ocrx_word' id='word_1_87' title='bbox 1177 1208 1250 1259; x_wconf 82' lang='lat' dir='ltr'>tutoe</span> <span class='ocrx_word' id='word_1_88' title='bbox 1268 1205 1342 1287; x_wconf 84' lang='lat' dir='ltr'>sunt</span> 
     </span>
     <span class='ocr_line' id='line_1_11' title="bbox 230 1291 1343 1373; baseline -0.001 -23"><span class='ocrx_word' id='word_1_89' title='bbox 230 1291 336 1354; x_wconf 84' lang='lat' dir='ltr'>liberis</span> <span class='ocrx_word' id='word_1_90' title='bbox 348 1294 512 1354; x_wconf 82' lang='lat' dir='ltr'>civitatibus</span> <span class='ocrx_word' id='word_1_91' title='bbox 525 1295 621 1354; x_wconf 78' lang='lat' dir='ltr'>nimius</span> <span class='ocrx_word' id='word_1_92' title='bbox 633 1295 699 1354; x_wconf 80' lang='lat' dir='ltr'>istoe</span> <span class='ocrx_word' id='word_1_93' title='bbox 707 1313 775 1355; x_wconf 91' lang='lat' dir='ltr'>cnm</span> <span class='ocrx_word' id='word_1_94' title='bbox 783 1292 913 1373; x_wconf 81' lang='lat' dir='ltr'>tyrannis</span> <span class='ocrx_word' id='word_1_95' title='bbox 921 1291 1139 1354; x_wconf 70' lang='lat' dir='ltr'>familiaritates·</span> <span class='ocrx_word' id='word_1_96' title='bbox 1179 1291 1261 1358; x_wconf 81' lang='lat' dir='ltr'>Quid</span> <span class='ocrx_word' id='word_1_97' title='bbox 1270 1310 1343 1370; x_wconf 90' lang='lat' dir='ltr'>por-</span> 
     </span>
     <span class='ocr_line' id='line_1_12' title="bbox 238 1384 1343 1467; baseline -0.002 -21"><span class='ocrx_word' id='word_1_98' title='bbox 238 1403 273 1446; x_wconf 93' lang='lat' dir='ltr'>ro</span> <span class='ocrx_word' id='word_1_99' title='bbox 285 1386 440 1448; x_wconf 83' lang='lat' dir='ltr'>&#39;l&#39;lressalil</span> <span class='ocrx_word' id='word_1_100' title='bbox 460 1397 529 1446; x_wconf 87' lang='lat' dir='ltr'>num</span> <span class='ocrx_word' id='word_1_101' title='bbox 542 1387 665 1467; x_wconf 88' lang='lat' dir='ltr'>putatis,</span> <span class='ocrx_word' id='word_1_102' title='bbox 678 1388 808 1467; x_wconf 80' lang='lat' dir='ltr'>inquam,</span> <span class='ocrx_word' id='word_1_103' title='bbox 822 1405 894 1448; x_wconf 88' lang='lat' dir='ltr'>cum</span> <span class='ocrx_word' id='word_1_104' title='bbox 906 1405 1005 1446; x_wconf 92' lang='lat' dir='ltr'>eornm</span> <span class='ocrx_word' id='word_1_105' title='bbox 1018 1396 1159 1467; x_wconf 81' lang='lat' dir='ltr'>tyrannos</span> <span class='ocrx_word' id='word_1_106' title='bbox 1172 1384 1291 1465; x_wconf 80' lang='lat' dir='ltr'>ejiceret</span> <span class='ocrx_word' id='word_1_107' title='bbox 1307 1393 1343 1444; x_wconf 87' lang='lat' dir='ltr'>et</span> 
     </span>
     <span class='ocr_line' id='line_1_13' title="bbox 237 1477 1341 1560; baseline -0.001 -22"><span class='ocrx_word' id='word_1_108' title='bbox 237 1497 337 1538; x_wconf 89' lang='lat' dir='ltr'>rursus</span> <span class='ocrx_word' id='word_1_109' title='bbox 350 1497 418 1538; x_wconf 87' lang='lat' dir='ltr'>cum</span> <span class='ocrx_word' id='word_1_110' title='bbox 432 1478 565 1540; x_wconf 75' lang='lat' dir='ltr'>Nicmam</span> <span class='ocrx_word' id='word_1_111' title='bbox 576 1489 606 1539; x_wconf 86' lang='lat' dir='ltr'>et</span> <span class='ocrx_word' id='word_1_112' title='bbox 614 1480 801 1560; x_wconf 73' lang='lat' dir='ltr'>Magnesiam</span> <span class='ocrx_word' id='word_1_113' title='bbox 809 1480 902 1553; x_wconf 82' lang='lat' dir='ltr'>daret,</span> <span class='ocrx_word' id='word_1_114' title='bbox 909 1479 989 1539; x_wconf 89' lang='lat' dir='ltr'>hunc</span> <span class='ocrx_word' id='word_1_115' title='bbox 999 1479 1055 1539; x_wconf 88' lang='lat' dir='ltr'>sibi</span> <span class='ocrx_word' id='word_1_116' title='bbox 1067 1478 1234 1559; x_wconf 85' lang='lat' dir='ltr'>impositum</span> <span class='ocrx_word' id='word_1_117' title='bbox 1242 1478 1276 1538; x_wconf 91' lang='lat' dir='ltr'>iri</span> <span class='ocrx_word' id='word_1_118' title='bbox 1285 1477 1341 1538; x_wconf 85' lang='lat' dir='ltr'>de-</span> 
     </span>
     <span class='ocr_line' id='line_1_14' title="bbox 237 1569 1341 1651; baseline 0 -21"><span class='ocrx_word' id='word_1_119' title='bbox 237 1570 427 1630; x_wconf 81' lang='lat' dir='ltr'>cemviratum</span> <span class='ocrx_word' id='word_1_120' title='bbox 440 1570 646 1650; x_wconf 71' lang='lat' dir='ltr'>exspectasse?</span> <span class='ocrx_word' id='word_1_121' title='bbox 661 1581 713 1632; x_wconf 89' lang='lat' dir='ltr'>snt</span> <span class='ocrx_word' id='word_1_122' title='bbox 726 1572 777 1650; x_wconf 88' lang='lat' dir='ltr'>qui</span> <span class='ocrx_word' id='word_1_123' title='bbox 791 1569 922 1651; x_wconf 78' lang='lat' dir='ltr'>Pylseam</span> <span class='ocrx_word' id='word_1_124' title='bbox 934 1569 1121 1644; x_wconf 66' lang='lat' dir='ltr'>reddidisset,</span> <span class='ocrx_word' id='word_1_125' title='bbox 1134 1589 1200 1631; x_wconf 90' lang='lat' dir='ltr'>eum</span> <span class='ocrx_word' id='word_1_126' title='bbox 1209 1569 1341 1649; x_wconf 81' lang='lat' dir='ltr'>privatos</span> 
     </span>
     <span class='ocr_line' id='line_1_15' title="bbox 235 1661 1340 1743; baseline 0.001 -22"><span class='ocrx_word' id='word_1_127' title='bbox 235 1661 365 1742; x_wconf 88' lang='lat' dir='ltr'>ipsorum</span> <span class='ocrx_word' id='word_1_128' title='bbox 373 1661 1151 1743; x_wconf 81' lang='lat' dir='ltr'>reditnsinteroeptdrnmlnequaqnamcredidissent.</span> <span class='ocrx_word' id='word_1_129' title='bbox 1173 1661 1340 1722; x_wconf 83' lang='lat' dir='ltr'>Sedtamen</span> 
     </span>
     <span class='ocr_line' id='line_1_16' title="bbox 237 1753 1387 1834; baseline -0.004 -18"><span class='ocrx_word' id='word_1_130' title='bbox 237 1754 688 1816; x_wconf 81' lang='lat' dir='ltr'>eveneruntbesoetinomninm</span> <span class='ocrx_word' id='word_1_131' title='bbox 698 1755 965 1816; x_wconf 81' lang='lat' dir='ltr'>oeulisrersnntnr.</span> <span class='ocrx_word' id='word_1_132' title='bbox 1006 1753 1188 1827; x_wconf 85' lang='lat' dir='ltr'>Vnsantem,</span> <span class='ocrx_word' id='word_1_133' title='bbox 1205 1755 1338 1834; x_wconf 83' lang='lat' dir='ltr'>inquam,</span> <span class='ocrx_word' id='word_1_134' title='bbox 1383 1807 1387 1810; x_wconf 83' lang='lat'><strong>.</strong></span> 
     </span>
     <span class='ocr_line' id='line_1_17' title="bbox 237 1845 1339 1928; baseline 0 -22"><span class='ocrx_word' id='word_1_135' title='bbox 237 1847 410 1926; x_wconf 77' lang='lat' dir='ltr'>largientem</span> <span class='ocrx_word' id='word_1_136' title='bbox 423 1867 503 1908; x_wconf 86' lang='lat' dir='ltr'>nunc</span> <span class='ocrx_word' id='word_1_137' title='bbox 525 1857 557 1907; x_wconf 89' lang='lat' dir='ltr'>et</span> <span class='ocrx_word' id='word_1_138' title='bbox 576 1847 764 1928; x_wconf 77' lang='lat' dir='ltr'>pollicentem</span> <span class='ocrx_word' id='word_1_139' title='bbox 784 1848 923 1927; x_wconf 78' lang='lat' dir='ltr'>spectatis</span> <span class='ocrx_word' id='word_1_140' title='bbox 938 1845 1116 1926; x_wconf 83' lang='lat' dir='ltr'>Philippum,</span> <span class='ocrx_word' id='word_1_141' title='bbox 1136 1863 1206 1906; x_wconf 87' lang='lat' dir='ltr'>mox</span> <span class='ocrx_word' id='word_1_142' title='bbox 1228 1857 1339 1923; x_wconf 84' lang='lat' dir='ltr'>antem,</span> 
     </span>
     <span class='ocr_line' id='line_1_18' title="bbox 236 1937 1341 2020; baseline 0 -22"><span class='ocrx_word' id='word_1_143' title='bbox 236 1949 393 2018; x_wconf 83' lang='lat' dir='ltr'>postquam</span> <span class='ocrx_word' id='word_1_144' title='bbox 404 1959 456 2000; x_wconf 84' lang='lat' dir='ltr'>vos</span> <span class='ocrx_word' id='word_1_145' title='bbox 470 1939 584 2019; x_wconf 86' lang='lat' dir='ltr'>decepit</span> <span class='ocrx_word' id='word_1_146' title='bbox 593 1949 623 2000; x_wconf 91' lang='lat' dir='ltr'>et</span> <span class='ocrx_word' id='word_1_147' title='bbox 634 1941 665 2000; x_wconf 89' lang='lat' dir='ltr'>in</span> <span class='ocrx_word' id='word_1_148' title='bbox 674 1939 810 2001; x_wconf 84' lang='lat' dir='ltr'>fraudem</span> <span class='ocrx_word' id='word_1_149' title='bbox 821 1939 947 2012; x_wconf 81' lang='lat' dir='ltr'>induxit,</span> <span class='ocrx_word' id='word_1_150' title='bbox 962 1937 1169 2020; x_wconf 87' lang='lat' dir='ltr'>deprecamini,</span> <span class='ocrx_word' id='word_1_151' title='bbox 1188 1937 1213 1998; x_wconf 87' lang='lat' dir='ltr'>si</span> <span class='ocrx_word' id='word_1_152' title='bbox 1224 1940 1341 2019; x_wconf 85' lang='lat' dir='ltr'>sapitis,</span> 
     </span>
     <span class='ocr_line' id='line_1_19' title="bbox 238 2031 1339 2114; baseline 0.002 -22"><span class='ocrx_word' id='word_1_153' title='bbox 238 2051 276 2092; x_wconf 90' lang='lat' dir='ltr'>ne</span> <span class='ocrx_word' id='word_1_154' title='bbox 287 2032 421 2094; x_wconf 86' lang='lat' dir='ltr'>rideatis.</span> <span class='ocrx_word' id='word_1_155' title='bbox 458 2031 535 2094; x_wconf 79' lang='lat' dir='ltr'>Sunt</span> <span class='ocrx_word' id='word_1_156' title='bbox 551 2033 670 2112; x_wconf 89' lang='lat' dir='ltr'>quidem</span> <span class='ocrx_word' id='word_1_157' title='bbox 684 2044 773 2108; x_wconf 85' lang='lat' dir='ltr'>certe,</span> <span class='ocrx_word' id='word_1_158' title='bbox 786 2035 916 2114; x_wconf 89' lang='lat' dir='ltr'>inquam,</span> <span class='ocrx_word' id='word_1_159' title='bbox 930 2033 1087 2113; x_wconf 72' lang='lat' dir='ltr'>omnigena</span> <span class='ocrx_word' id='word_1_160' title='bbox 1100 2041 1217 2112; x_wconf 77' lang='lat' dir='ltr'>reperte</span> <span class='ocrx_word' id='word_1_161' title='bbox 1236 2032 1276 2094; x_wconf 84' lang='lat' dir='ltr'>nd</span> <span class='ocrx_word' id='word_1_162' title='bbox 1288 2053 1339 2094; x_wconf 92' lang='lat' dir='ltr'>ur·</span> 
     </span>
     <span class='ocr_line' id='line_1_20' title="bbox 171 2117 1340 2206; baseline 0.003 -22"><span class='ocrx_word' id='word_1_163' title='bbox 171 2197 176 2206; x_wconf 21' lang='grc' dir='ltr'><em>ῃ</em></span> <span class='ocrx_word' id='word_1_164' title='bbox 218 2141 224 2154; x_wconf 85' lang='lat'><strong><em>‘</em></strong></span> <span class='ocrx_word' id='word_1_165' title='bbox 238 2125 318 2184; x_wconf 87' lang='lat' dir='ltr'>bium</span> <span class='ocrx_word' id='word_1_166' title='bbox 340 2121 505 2186; x_wconf 69' lang='lat' dir='ltr'>custodiam</span> <span class='ocrx_word' id='word_1_167' title='bbox 522 2135 553 2186; x_wconf 93' lang='lat' dir='ltr'>et</span> <span class='ocrx_word' id='word_1_168' title='bbox 572 2125 783 2199; x_wconf 74' lang='lat' dir='ltr'>defensionem,</span> <span class='ocrx_word' id='word_1_169' title='bbox 804 2137 840 2186; x_wconf 93' lang='lat' dir='ltr'>ut</span> <span class='ocrx_word' id='word_1_170' title='bbox 857 2126 937 2185; x_wconf 81' lang='lat' dir='ltr'>valla</span> <span class='ocrx_word' id='word_1_171' title='bbox 949 2117 980 2185; x_wconf 84' lang='lat' dir='ltr'>et</span> <span class='ocrx_word' id='word_1_172' title='bbox 992 2126 1066 2184; x_wconf 93' lang='lat' dir='ltr'>muri</span> <span class='ocrx_word' id='word_1_173' title='bbox 1077 2136 1110 2182; x_wconf 88' lang='lat' dir='ltr'>et</span> <span class='ocrx_word' id='word_1_174' title='bbox 1121 2125 1210 2184; x_wconf 71' lang='lat' dir='ltr'>fossas</span> <span class='ocrx_word' id='word_1_175' title='bbox 1224 2134 1257 2185; x_wconf 89' lang='lat' dir='ltr'>et</span> <span class='ocrx_word' id='word_1_176' title='bbox 1268 2145 1340 2206; x_wconf 71' lang='lat' dir='ltr'>qum</span> 
     </span>
     <span class='ocr_line' id='line_1_21' title="bbox 237 2208 1339 2297; baseline 0.002 -19"><span class='ocrx_word' id='word_1_177' title='bbox 237 2223 308 2278; x_wconf 84' lang='lat' dir='ltr'>sunt</span> <span class='ocrx_word' id='word_1_178' title='bbox 319 2219 384 2295; x_wconf 84' lang='lat' dir='ltr'>ejus</span> <span class='ocrx_word' id='word_1_179' title='bbox 398 2217 523 2297; x_wconf 78' lang='lat' dir='ltr'>generis.</span> <span class='ocrx_word' id='word_1_180' title='bbox 565 2217 641 2287; x_wconf 79' lang='lat' dir='ltr'>Quas</span> <span class='ocrx_word' id='word_1_181' title='bbox 653 2219 753 2280; x_wconf 76' lang='lat' dir='ltr'>omnia</span> <span class='ocrx_word' id='word_1_182' title='bbox 766 2208 855 2279; x_wconf 78' lang='lat' dir='ltr'>manu</span> <span class='ocrx_word' id='word_1_183' title='bbox 868 2208 945 2278; x_wconf 84' lang='lat' dir='ltr'>fiunt</span> <span class='ocrx_word' id='word_1_184' title='bbox 965 2227 996 2277; x_wconf 86' lang='lat' dir='ltr'>et</span> <span class='ocrx_word' id='word_1_185' title='bbox 1009 2224 1145 2295; x_wconf 81' lang='lat' dir='ltr'>sumptus</span> <span class='ocrx_word' id='word_1_186' title='bbox 1163 2218 1315 2296; x_wconf 79' lang='lat' dir='ltr'>postulant</span> <span class='ocrx_word' id='word_1_187' title='bbox 1329 2239 1339 2280; x_wconf 78' lang='lat' dir='ltr'>t</span> 
     </span>
     <span class='ocr_line' id='line_1_22' title="bbox 234 2305 1339 2391; baseline -0.002 -21"><span class='ocrx_word' id='word_1_188' title='bbox 234 2328 324 2372; x_wconf 83' lang='lat' dir='ltr'>annm</span> <span class='ocrx_word' id='word_1_189' title='bbox 337 2319 436 2371; x_wconf 86' lang='lat' dir='ltr'>autern</span> <span class='ocrx_word' id='word_1_190' title='bbox 449 2309 600 2388; x_wconf 77' lang='lat' dir='ltr'>quodds&#39;un</span> <span class='ocrx_word' id='word_1_191' title='bbox 622 2305 776 2372; x_wconf 83' lang='lat' dir='ltr'>commune</span> <span class='ocrx_word' id='word_1_192' title='bbox 792 2311 907 2370; x_wconf 86' lang='lat' dir='ltr'>animus</span> <span class='ocrx_word' id='word_1_193' title='bbox 919 2308 1103 2389; x_wconf 87' lang='lat' dir='ltr'>prudentium</span> <span class='ocrx_word' id='word_1_194' title='bbox 1123 2309 1154 2367; x_wconf 86' lang='lat' dir='ltr'>in</span> <span class='ocrx_word' id='word_1_195' title='bbox 1176 2311 1339 2391; x_wconf 79' lang='lat' dir='ltr'>semetipso</span> 
     </span>
     <span class='ocr_line' id='line_1_23' title="bbox 228 2391 1341 2483; baseline 0.001 -19"><span class='ocrx_word' id='word_1_196' title='bbox 228 2401 368 2482; x_wconf 77' lang='lat' dir='ltr'>,possidet</span> <span class='ocrx_word' id='word_1_197' title='bbox 379 2403 557 2483; x_wconf 71' lang='lat' dir='ltr'>presidium,</span> <span class='ocrx_word' id='word_1_198' title='bbox 572 2403 733 2482; x_wconf 88' lang='lat' dir='ltr'>quodcum</span> <span class='ocrx_word' id='word_1_199' title='bbox 746 2403 881 2463; x_wconf 88' lang='lat' dir='ltr'>omnibus</span> <span class='ocrx_word' id='word_1_200' title='bbox 900 2391 980 2461; x_wconf 85' lang='lat' dir='ltr'>bono</span> <span class='ocrx_word' id='word_1_201' title='bbox 998 2411 1046 2460; x_wconf 85' lang='lat' dir='ltr'>est</span> <span class='ocrx_word' id='word_1_202' title='bbox 1058 2410 1089 2460; x_wconf 90' lang='lat' dir='ltr'>et</span> <span class='ocrx_word' id='word_1_203' title='bbox 1101 2400 1199 2474; x_wconf 86' lang='lat' dir='ltr'>saluti,</span> <span class='ocrx_word' id='word_1_204' title='bbox 1213 2410 1276 2461; x_wconf 88' lang='lat' dir='ltr'>tum</span> <span class='ocrx_word' id='word_1_205' title='bbox 1289 2405 1341 2465; x_wconf 82' lang='lat' dir='ltr'>vel</span> 
     </span>
     <span class='ocr_line' id='line_1_24' title="bbox 176 2486 1338 2575; baseline 0.002 -18"><span class='ocrx_word' id='word_1_206' title='bbox 176 2502 183 2513; x_wconf 90' lang='lat'>&#39;</span> <span class='ocrx_word' id='word_1_207' title='bbox 233 2495 361 2557; x_wconf 80' lang='lat' dir='ltr'>maxime</span> <span class='ocrx_word' id='word_1_208' title='bbox 377 2495 474 2557; x_wconf 86' lang='lat' dir='ltr'>liberis</span> <span class='ocrx_word' id='word_1_209' title='bbox 494 2493 659 2556; x_wconf 83' lang='lat' dir='ltr'>civitatibus</span> <span class='ocrx_word' id='word_1_210' title='bbox 674 2504 779 2557; x_wconf 89' lang='lat' dir='ltr'>contra</span> <span class='ocrx_word' id='word_1_211' title='bbox 799 2486 949 2575; x_wconf 63' lang='lat' dir='ltr'>mannos}</span> <span class='ocrx_word' id='word_1_212' title='bbox 990 2493 1148 2563; x_wconf 83' lang='lat' dir='ltr'>Quodnam</span> <span class='ocrx_word' id='word_1_213' title='bbox 1159 2493 1250 2575; x_wconf 75' lang='lat' dir='ltr'>igitur</span> <span class='ocrx_word' id='word_1_214' title='bbox 1261 2495 1338 2559; x_wconf 86' lang='lat' dir='ltr'>illud</span> 
     </span>
     <span class='ocr_line' id='line_1_25' title="bbox 236 2587 1339 2667; baseline 0.003 -18"><span class='ocrx_word' id='word_1_215' title='bbox 236 2590 299 2651; x_wconf 75' lang='lat' dir='ltr'>esti</span> <span class='ocrx_word' id='word_1_216' title='bbox 316 2588 509 2649; x_wconf 75' lang='lat' dir='ltr'>&#39;Dillidentin⁸</span> <span class='ocrx_word' id='word_1_217' title='bbox 540 2588 640 2648; x_wconf 61' lang='lat' dir='ltr'>«lianc</span> <span class='ocrx_word' id='word_1_218' title='bbox 667 2588 824 2661; x_wconf 89' lang='lat' dir='ltr'>custodite,</span> <span class='ocrx_word' id='word_1_219' title='bbox 851 2587 931 2649; x_wconf 83' lang='lat' dir='ltr'>bane</span> <span class='ocrx_word' id='word_1_220' title='bbox 956 2588 1187 2667; x_wconf 74' lang='lat' dir='ltr'>amplectiminir</span> <span class='ocrx_word' id='word_1_221' title='bbox 1209 2588 1287 2650; x_wconf 78' lang='lat' dir='ltr'>banc</span> <span class='ocrx_word' id='word_1_222' title='bbox 1310 2592 1339 2652; x_wconf 89' lang='lat' dir='ltr'>si</span> 
     </span>
     <span class='ocr_line' id='line_1_26' title="bbox 167 2668 1341 2760; baseline 0.002 -19"><span class='ocrx_word' id='word_1_223' title='bbox 167 2668 171 2677; x_wconf 70' lang='grc'><strong>’</strong></span> <span class='ocrx_word' id='word_1_224' title='bbox 235 2680 457 2750; x_wconf 71' lang='lat' dir='ltr'>conservabitis,</span> <span class='ocrx_word' id='word_1_225' title='bbox 486 2689 569 2740; x_wconf 79' lang='lat' dir='ltr'>extra</span> <span class='ocrx_word' id='word_1_226' title='bbox 589 2699 675 2740; x_wconf 92' lang='lat' dir='ltr'>omne</span> <span class='ocrx_word' id='word_1_227' title='bbox 698 2680 860 2759; x_wconf 87' lang='lat' dir='ltr'>periculum</span> <span class='ocrx_word' id='word_1_228' title='bbox 882 2681 988 2741; x_wconf 86' lang='lat' dir='ltr'>eritis.&#39;</span> <span class='ocrx_word' id='word_1_229' title='bbox 1015 2681 1095 2747; x_wconf 82' lang='lat' dir='ltr'>Quid</span> <span class='ocrx_word' id='word_1_230' title='bbox 1114 2668 1266 2760; x_wconf 70' lang='lat' dir='ltr'>qnaeritis?</span> <span class='ocrx_word' id='word_1_231' title='bbox 1292 2684 1341 2743; x_wconf 88' lang='lat' dir='ltr'>in·</span> 
     </span>
     <span class='ocr_line' id='line_1_27' title="bbox 234 2771 1340 2855; baseline 0.005 -24"><span class='ocrx_word' id='word_1_232' title='bbox 234 2790 335 2852; x_wconf 83' lang='lat' dir='ltr'>quam.</span> <span class='ocrx_word' id='word_1_233' title='bbox 367 2772 583 2833; x_wconf 71' lang='lat' dir='ltr'>libertatatem.</span> <span class='ocrx_word' id='word_1_234' title='bbox 609 2773 651 2833; x_wconf 80' lang='lat' dir='ltr'>At</span> <span class='ocrx_word' id='word_1_235' title='bbox 664 2790 722 2853; x_wconf 86' lang='lat' dir='ltr'>non</span> <span class='ocrx_word' id='word_1_236' title='bbox 738 2772 842 2833; x_wconf 81' lang='lat' dir='ltr'>videtis</span> <span class='ocrx_word' id='word_1_237' title='bbox 852 2772 1020 2855; x_wconf 85' lang='lat' dir='ltr'>Philippum</span> <span class='ocrx_word' id='word_1_238' title='bbox 1030 2771 1223 2833; x_wconf 75' lang='lat' dir='ltr'>alienissimus</span> <span class='ocrx_word' id='word_1_239' title='bbox 1231 2774 1340 2837; x_wconf 77' lang='lat' dir='ltr'>ablue</span> 
     </span>
     <span class='ocr_line' id='line_1_28' title="bbox 235 2855 1339 2946; baseline 0.001 -19"><span class='ocrx_word' id='word_1_240' title='bbox 235 2865 285 2927; x_wconf 86' lang='lat' dir='ltr'>rel</span> <span class='ocrx_word' id='word_1_241' title='bbox 299 2864 508 2945; x_wconf 79' lang='lat' dir='ltr'>appellationes</span> <span class='ocrx_word' id='word_1_242' title='bbox 520 2864 648 2925; x_wconf 80' lang='lat' dir='ltr'>heberei</span> <span class='ocrx_word' id='word_1_243' title='bbox 669 2865 813 2927; x_wconf 85' lang='lat' dir='ltr'>rex·enim</span> <span class='ocrx_word' id='word_1_244' title='bbox 830 2855 862 2925; x_wconf 85' lang='lat' dir='ltr'>et</span> <span class='ocrx_word' id='word_1_245' title='bbox 883 2876 1024 2946; x_wconf 76' lang='lat' dir='ltr'>tyrannm</span> <span class='ocrx_word' id='word_1_246' title='bbox 1034 2864 1127 2924; x_wconf 89' lang='lat' dir='ltr'>omnis</span> <span class='ocrx_word' id='word_1_247' title='bbox 1138 2876 1185 2925; x_wconf 88' lang='lat' dir='ltr'>est</span> <span class='ocrx_word' id='word_1_248' title='bbox 1194 2864 1339 2928; x_wconf 84' lang='lat' dir='ltr'>libertatis</span> 
     </span>
     <span class='ocr_line' id='line_1_29' title="bbox 235 2956 1341 3037; baseline 0.004 -20"><span class='ocrx_word' id='word_1_249' title='bbox 235 2956 371 3019; x_wconf 88' lang='lat' dir='ltr'>inimicus</span> <span class='ocrx_word' id='word_1_250' title='bbox 389 2966 421 3017; x_wconf 86' lang='lat' dir='ltr'>et</span> <span class='ocrx_word' id='word_1_251' title='bbox 433 2957 548 3036; x_wconf 79' lang='lat' dir='ltr'>legibue</span> <span class='ocrx_word' id='word_1_252' title='bbox 562 2958 695 3019; x_wconf 75' lang='lat' dir='ltr'>infestus.</span> <span class='ocrx_word' id='word_1_253' title='bbox 737 2956 808 3019; x_wconf 84' lang='lat' dir='ltr'>Non</span> <span class='ocrx_word' id='word_1_254' title='bbox 821 2958 970 3030; x_wconf 83' lang='lat' dir='ltr'>carebitis,</span> <span class='ocrx_word' id='word_1_255' title='bbox 983 2959 1112 3037; x_wconf 88' lang='lat' dir='ltr'>inquam,</span> <span class='ocrx_word' id='word_1_256' title='bbox 1126 2976 1174 3031; x_wconf 89' lang='lat' dir='ltr'>ne,</span> <span class='ocrx_word' id='word_1_257' title='bbox 1187 2956 1259 3017; x_wconf 88' lang='lat' dir='ltr'>dum</span> <span class='ocrx_word' id='word_1_258' title='bbox 1267 2958 1341 3021; x_wconf 89' lang='lat' dir='ltr'>belli</span> 
     </span>
     <span class='ocr_line' id='line_1_30' title="bbox 237 3048 837 3128; baseline 0 -17"><span class='ocrx_word' id='word_1_259' title='bbox 237 3050 326 3111; x_wconf 80' lang='lat' dir='ltr'>finem</span> <span class='ocrx_word' id='word_1_260' title='bbox 339 3048 643 3128; x_wconf 82' lang='lat' dir='ltr'>quoeritis,&#39;dominum</span> <span class='ocrx_word' id='word_1_261' title='bbox 660 3052 837 3113; x_wconf 62' lang='lat' dir='ltr'>inveniatis?</span> 
     </span>
    </p>

    <p class='ocr_par' dir='ltr' id='par_1_5' title="bbox 225 3140 1341 3871">
     <span class='ocr_line' id='line_1_31' title="bbox 278 3140 1339 3224; baseline 0.007 -25"><span class='ocrx_word' id='word_1_262' title='bbox 278 3144 309 3201; x_wconf 82' lang='lat'>5.</span> <span class='ocrx_word' id='word_1_263' title='bbox 329 3142 385 3201; x_wconf 89' lang='lat' dir='ltr'>His</span> <span class='ocrx_word' id='word_1_264' title='bbox 397 3140 440 3201; x_wconf 95' lang='lat' dir='ltr'>illi</span> <span class='ocrx_word' id='word_1_265' title='bbox 452 3140 571 3215; x_wconf 81' lang='lat' dir='ltr'>auditis,</span> <span class='ocrx_word' id='word_1_266' title='bbox 581 3154 612 3205; x_wconf 88' lang='lat' dir='ltr'>et</span> <span class='ocrx_word' id='word_1_267' title='bbox 624 3145 838 3224; x_wconf 83' lang='lat' dir='ltr'>applaudentes</span> <span class='ocrx_word' id='word_1_268' title='bbox 852 3156 888 3208; x_wconf 87' lang='lat' dir='ltr'>ut</span> <span class='ocrx_word' id='word_1_269' title='bbox 898 3156 978 3207; x_wconf 88' lang='lat' dir='ltr'>recte</span> <span class='ocrx_word' id='word_1_270' title='bbox 988 3144 1085 3219; x_wconf 85' lang='lat' dir='ltr'>dictis,</span> <span class='ocrx_word' id='word_1_271' title='bbox 1094 3150 1126 3205; x_wconf 87' lang='lat' dir='ltr'>e&#39;t</span> <span class='ocrx_word' id='word_1_272' title='bbox 1137 3144 1236 3205; x_wconf 84' lang='lat' dir='ltr'>multis</span> <span class='ocrx_word' id='word_1_273' title='bbox 1248 3146 1339 3206; x_wconf 84' lang='lat' dir='ltr'>etiam</span> 
     </span>
     <span class='ocr_line' id='line_1_32' title="bbox 238 3231 1340 3313; baseline 0.005 -18"><span class='ocrx_word' id='word_1_274' title='bbox 238 3234 303 3297; x_wconf 79' lang='lat' dir='ltr'>eliis</span> <span class='ocrx_word' id='word_1_275' title='bbox 327 3232 506 3295; x_wconf 81' lang='lat' dir='ltr'>orationibus</span> <span class='ocrx_word' id='word_1_276' title='bbox 532 3231 679 3311; x_wconf 73' lang='lat' dir='ltr'>elegatis</span> <span class='ocrx_word' id='word_1_277' title='bbox 699 3250 731 3291; x_wconf 72' lang='lat' dir='ltr'>st</span> <span class='ocrx_word' id='word_1_278' title='bbox 744 3248 891 3309; x_wconf 67' lang='lat' dir='ltr'>poscente</span> <span class='ocrx_word' id='word_1_279' title='bbox 911 3250 959 3292; x_wconf 88' lang='lat' dir='ltr'>me</span> <span class='ocrx_word' id='word_1_280' title='bbox 981 3248 1012 3293; x_wconf 88' lang='lat' dir='ltr'>et</span> <span class='ocrx_word' id='word_1_281' title='bbox 1027 3247 1140 3313; x_wconf 81' lang='lat' dir='ltr'>postea,</span> <span class='ocrx_word' id='word_1_282' title='bbox 1162 3247 1196 3298; x_wconf 93' lang='lat' dir='ltr'>nt</span> <span class='ocrx_word' id='word_1_283' title='bbox 1211 3237 1340 3313; x_wconf 82' lang='lat' dir='ltr'>videtur,</span> 
     </span>
     <span class='ocr_line' id='line_1_33' title="bbox 225 3322 1339 3411; baseline 0.009 -30"><span class='ocrx_word' id='word_1_284' title='bbox 225 3326 345 3400; x_wconf 68' lang='lat' dir='ltr'>lubitu,</span> <span class='ocrx_word' id='word_1_285' title='bbox 363 3325 455 3387; x_wconf 90' lang='lat' dir='ltr'>nihilo</span> <span class='ocrx_word' id='word_1_286' title='bbox 475 3324 571 3404; x_wconf 76' lang='lat' dir='ltr'>magis</span> <span class='ocrx_word' id='word_1_287' title='bbox 589 3323 752 3385; x_wconf 86' lang='lat' dir='ltr'>avellentur</span> <span class='ocrx_word' id='word_1_288' title='bbox 771 3342 791 3383; x_wconf 88' lang='lat' dir='ltr'>s</span> <span class='ocrx_word' id='word_1_289' title='bbox 813 3322 950 3405; x_wconf 86' lang='lat' dir='ltr'>Phillippi</span> <span class='ocrx_word' id='word_1_290' title='bbox 966 3324 1092 3385; x_wconf 86' lang='lat' dir='ltr'>amicitia</span> <span class='ocrx_word' id='word_1_291' title='bbox 1111 3330 1233 3408; x_wconf 77' lang='lat' dir='ltr'>eJnsque</span> <span class='ocrx_word' id='word_1_292' title='bbox 1251 3330 1339 3411; x_wconf 89' lang='lat' dir='ltr'>polli-</span> 
     </span>
     <span class='ocr_line' id='line_1_34' title="bbox 237 3412 1337 3503; baseline 0.004 -24"><span class='ocrx_word' id='word_1_293' title='bbox 237 3419 433 3481; x_wconf 69' lang='lat' dir='ltr'>citationibus</span> <span class='ocrx_word' id='word_1_294' title='bbox 468 3416 573 3495; x_wconf 87' lang='lat' dir='ltr'>Neque</span> <span class='ocrx_word' id='word_1_295' title='bbox 593 3416 650 3477; x_wconf 91' lang='lat' dir='ltr'>hoc</span> <span class='ocrx_word' id='word_1_296' title='bbox 669 3412 911 3489; x_wconf 74' lang='lat' dir='ltr'>es&#39;t‘·absnrdnm‚</span> <span class='ocrx_word' id='word_1_297' title='bbox 932 3420 957 3479; x_wconf 86' lang='lat' dir='ltr'>ri</span> <span class='ocrx_word' id='word_1_298' title='bbox 974 3418 1113 3478; x_wconf 79' lang='lat' dir='ltr'>Messenii</span> <span class='ocrx_word' id='word_1_299' title='bbox 1136 3430 1167 3480; x_wconf 88' lang='lat' dir='ltr'>et</span> <span class='ocrx_word' id='word_1_300' title='bbox 1191 3422 1337 3503; x_wconf 88' lang='lat' dir='ltr'>Pelopon-</span> 
     </span>
     <span class='ocr_line' id='line_1_35' title="bbox 234 3508 1339 3594; baseline 0.005 -23"><span class='ocrx_word' id='word_1_301' title='bbox 234 3530 342 3573; x_wconf 76' lang='lat' dir='ltr'>nenses</span> <span class='ocrx_word' id='word_1_302' title='bbox 369 3508 490 3589; x_wconf 87' lang='lat' dir='ltr'>quidam</span> <span class='ocrx_word' id='word_1_303' title='bbox 515 3518 619 3570; x_wconf 91' lang='lat' dir='ltr'>contra</span> <span class='ocrx_word' id='word_1_304' title='bbox 647 3526 684 3569; x_wconf 87' lang='lat' dir='ltr'>ea</span> <span class='ocrx_word' id='word_1_305' title='bbox 710 3529 779 3589; x_wconf 76' lang='lat' dir='ltr'>qum</span> <span class='ocrx_word' id='word_1_306' title='bbox 804 3510 903 3569; x_wconf 84' lang='lat' dir='ltr'>animo</span> <span class='ocrx_word' id='word_1_307' title='bbox 929 3528 997 3569; x_wconf 85' lang='lat' dir='ltr'>esse</span> <span class='ocrx_word' id='word_1_308' title='bbox 1024 3512 1136 3589; x_wconf 84' lang='lat' dir='ltr'>optima</span> <span class='ocrx_word' id='word_1_309' title='bbox 1154 3514 1339 3594; x_wconf 72' lang='lat' dir='ltr'>perspiciunt</span> 
     </span>
     <span class='ocr_line' id='line_1_36' title="bbox 235 3602 1340 3688; baseline 0.003 -23"><span class='ocrx_word' id='word_1_310' title='bbox 235 3604 372 3685; x_wconf 86' lang='lat' dir='ltr'>[aliquid]</span> <span class='ocrx_word' id='word_1_311' title='bbox 387 3615 486 3683; x_wconf 79' lang='lat' dir='ltr'>agent,</span> <span class='ocrx_word' id='word_1_312' title='bbox 498 3602 551 3662; x_wconf 82' lang='lat' dir='ltr'>eod</span> <span class='ocrx_word' id='word_1_313' title='bbox 567 3602 591 3662; x_wconf 92' lang='lat' dir='ltr'>si</span> <span class='ocrx_word' id='word_1_314' title='bbox 601 3622 654 3663; x_wconf 84' lang='lat' dir='ltr'>vos</span> <span class='ocrx_word' id='word_1_315' title='bbox 667 3602 717 3681; x_wconf 92' lang='lat' dir='ltr'>qui</span> <span class='ocrx_word' id='word_1_316' title='bbox 727 3612 760 3663; x_wconf 88' lang='lat' dir='ltr'>et</span> <span class='ocrx_word' id='word_1_317' title='bbox 772 3602 935 3681; x_wconf 74' lang='lat' dir='ltr'>intelligitis</span> <span class='ocrx_word' id='word_1_318' title='bbox 947 3602 1004 3682; x_wconf 90' lang='lat' dir='ltr'>ipsi</span> <span class='ocrx_word' id='word_1_319' title='bbox 1017 3613 1049 3663; x_wconf 93' lang='lat' dir='ltr'>et</span> <span class='ocrx_word' id='word_1_320' title='bbox 1062 3622 1080 3663; x_wconf 89' lang='lat' dir='ltr'>e</span> <span class='ocrx_word' id='word_1_321' title='bbox 1093 3606 1207 3688; x_wconf 14' lang='lat' dir='ltr'>&gt;nom</span> <span class='ocrx_word' id='word_1_322' title='bbox 1217 3608 1340 3669; x_wconf 85' lang='lat' dir='ltr'>concio-</span> 
     </span>
     <span class='ocr_line' id='line_1_37' title="bbox 236 3694 1340 3778; baseline 0.005 -22"><span class='ocrx_word' id='word_1_323' title='bbox 236 3697 321 3757; x_wconf 85' lang='lat' dir='ltr'>mbns</span> <span class='ocrx_word' id='word_1_324' title='bbox 335 3694 453 3773; x_wconf 73' lang='lat' dir='ltr'>auditis,</span> <span class='ocrx_word' id='word_1_325' title='bbox 466 3695 548 3753; x_wconf 82' lang='lat' dir='ltr'>vobis</span> <span class='ocrx_word' id='word_1_326' title='bbox 568 3694 689 3755; x_wconf 85' lang='lat' dir='ltr'>insidias</span> <span class='ocrx_word' id='word_1_327' title='bbox 702 3695 776 3769; x_wconf 90' lang='lat' dir='ltr'>lieri,</span> <span class='ocrx_word' id='word_1_328' title='bbox 796 3712 849 3755; x_wconf 82' lang='lat' dir='ltr'>ror</span> <span class='ocrx_word' id='word_1_329' title='bbox 868 3694 1090 3768; x_wconf 81' lang='lat' dir='ltr'>circumvallari,</span> <span class='ocrx_word' id='word_1_330' title='bbox 1107 3714 1144 3756; x_wconf 91' lang='lat' dir='ltr'>eo</span> <span class='ocrx_word' id='word_1_331' title='bbox 1165 3699 1245 3778; x_wconf 91' lang='lat' dir='ltr'>quod</span> <span class='ocrx_word' id='word_1_332' title='bbox 1264 3699 1340 3761; x_wconf 89' lang='lat' dir='ltr'>nibil</span> 
     </span>
     <span class='ocr_line' id='line_1_38' title="bbox 237 3786 1341 3871; baseline 0.002 -20"><span class='ocrx_word' id='word_1_333' title='bbox 237 3808 316 3851; x_wconf 89' lang='lat' dir='ltr'>nunc</span> <span class='ocrx_word' id='word_1_334' title='bbox 344 3786 441 3866; x_wconf 78' lang='lat' dir='ltr'>agitis,</span> <span class='ocrx_word' id='word_1_335' title='bbox 473 3786 602 3858; x_wconf 87' lang='lat' dir='ltr'>omnino,</span> <span class='ocrx_word' id='word_1_336' title='bbox 627 3798 661 3846; x_wconf 88' lang='lat' dir='ltr'>ut</span> <span class='ocrx_word' id='word_1_337' title='bbox 686 3786 756 3847; x_wconf 89' lang='lat' dir='ltr'>mibi</span> <span class='ocrx_word' id='word_1_338' title='bbox 773 3786 899 3858; x_wconf 88' lang='lat' dir='ltr'>ridetur,</span> <span class='ocrx_word' id='word_1_339' title='bbox 930 3787 1162 3868; x_wconf 81' lang='lat' dir='ltr'>necopinantes</span> <span class='ocrx_word' id='word_1_340' title='bbox 1192 3791 1341 3871; x_wconf 87' lang='lat' dir='ltr'>opprime·-</span> 
     </span>
    </p>
   </div>
   <div class='ocr_carea' id='block_1_5' title="bbox 102 3878 1339 3962">
    <p class='ocr_par' dir='ltr' id='par_1_6' title="bbox 102 3878 1339 3962">
     <span class='ocr_line' id='line_1_39' title="bbox 102 3878 1339 3962; baseline 0.001 -17"><span class='ocrx_word' id='word_1_341' title='bbox 102 3891 105 3896; x_wconf 83' lang='lat'>&#39;</span> <span class='ocrx_word' id='word_1_342' title='bbox 234 3884 323 3945; x_wconf 88' lang='lat' dir='ltr'>mini:</span> <span class='ocrx_word' id='word_1_343' title='bbox 353 3880 428 3943; x_wconf 85' lang='lat' dir='ltr'>adeo</span> <span class='ocrx_word' id='word_1_344' title='bbox 448 3880 542 3956; x_wconf 76' lang='lat' dir='ltr'>megin</span> <span class='ocrx_word' id='word_1_345' title='bbox 560 3878 641 3939; x_wconf 80' lang='lat' dir='ltr'>valet</span> <span class='ocrx_word' id='word_1_346' title='bbox 658 3898 789 3959; x_wconf 74' lang='lat' dir='ltr'>presens</span> <span class='ocrx_word' id='word_1_347' title='bbox 815 3878 951 3960; x_wconf 84' lang='lat' dir='ltr'>voluptas</span> <span class='ocrx_word' id='word_1_348' title='bbox 972 3891 1003 3940; x_wconf 86' lang='lat' dir='ltr'>et</span> <span class='ocrx_word' id='word_1_349' title='bbox 1022 3880 1113 3941; x_wconf 86' lang='lat' dir='ltr'>otium</span> <span class='ocrx_word' id='word_1_350' title='bbox 1138 3900 1228 3960; x_wconf 88' lang='lat' dir='ltr'>qnam</span> <span class='ocrx_word' id='word_1_351' title='bbox 1252 3884 1339 3962; x_wconf 89' lang='lat' dir='ltr'>qnod</span> 
     </span>
    </p>
   </div>
   <div class='ocr_carea' id='block_1_6' title="bbox 226 3972 1341 4314">
    <p class='ocr_par' dir='ltr' id='par_1_7' title="bbox 226 3972 1341 4314">
     <span class='ocr_line' id='line_1_40' title="bbox 235 3972 1341 4055; baseline -0.001 -17"><span class='ocrx_word' id='word_1_352' title='bbox 235 3978 305 4039; x_wconf 91' lang='lat' dir='ltr'>olim</span> <span class='ocrx_word' id='word_1_353' title='bbox 326 3974 396 4035; x_wconf 87' lang='lat' dir='ltr'>utile</span> <span class='ocrx_word' id='word_1_354' title='bbox 415 3974 453 4033; x_wconf 92' lang='lat' dir='ltr'>sit</span> <span class='ocrx_word' id='word_1_355' title='bbox 469 3973 609 4035; x_wconf 86' lang='lat' dir='ltr'>loturum.</span> <span class='ocrx_word' id='word_1_356' title='bbox 640 3973 685 4032; x_wconf 87' lang='lat' dir='ltr'>Ac</span> <span class='ocrx_word' id='word_1_357' title='bbox 699 3973 739 4033; x_wconf 88' lang='lat' dir='ltr'>de</span> <span class='ocrx_word' id='word_1_358' title='bbox 753 3973 790 4033; x_wconf 80' lang='lat' dir='ltr'>iis</span> <span class='ocrx_word' id='word_1_359' title='bbox 807 3972 929 4053; x_wconf 79' lang='lat' dir='ltr'>quidem</span> <span class='ocrx_word' id='word_1_360' title='bbox 943 3994 1011 4053; x_wconf 83' lang='lat' dir='ltr'>quar</span> <span class='ocrx_word' id='word_1_361' title='bbox 1034 3976 1116 4036; x_wconf 84' lang='lat' dir='ltr'>robis</span> <span class='ocrx_word' id='word_1_362' title='bbox 1134 3976 1252 4055; x_wconf 82' lang='lat' dir='ltr'>agenda</span> <span class='ocrx_word' id='word_1_363' title='bbox 1277 3978 1341 4046; x_wconf 86' lang='lat' dir='ltr'>sint</span> 
     </span>
     <span class='ocr_line' id='line_1_41' title="bbox 237 4064 1338 4148; baseline 0.001 -19"><span class='ocrx_word' id='word_1_364' title='bbox 237 4068 294 4148; x_wconf 91' lang='lat' dir='ltr'>ipsi</span> <span class='ocrx_word' id='word_1_365' title='bbox 316 4068 453 4147; x_wconf 75' lang='lat' dir='ltr'>deinceps</span> <span class='ocrx_word' id='word_1_366' title='bbox 473 4064 594 4125; x_wconf 87' lang='lat' dir='ltr'>seorsim</span> <span class='ocrx_word' id='word_1_367' title='bbox 623 4064 831 4137; x_wconf 79' lang='lat' dir='ltr'>deliberabitis,</span> <span class='ocrx_word' id='word_1_368' title='bbox 857 4067 882 4125; x_wconf 89' lang='lat' dir='ltr'>si</span> <span class='ocrx_word' id='word_1_369' title='bbox 910 4066 1032 4146; x_wconf 76' lang='lat' dir='ltr'>sepitis:</span> <span class='ocrx_word' id='word_1_370' title='bbox 1062 4086 1129 4145; x_wconf 72' lang='lat' dir='ltr'>qne</span> <span class='ocrx_word' id='word_1_371' title='bbox 1155 4086 1226 4128; x_wconf 87' lang='lat' dir='ltr'>vero</span> <span class='ocrx_word' id='word_1_372' title='bbox 1255 4088 1338 4131; x_wconf 85' lang='lat' dir='ltr'>nnnc</span> 
     </span>
     <span class='ocr_line' id='line_1_42' title="bbox 226 4158 1337 4314; baseline 0.005 -95"><span class='ocrx_word' id='word_1_373' title='bbox 226 4160 415 4314; x_wconf 51' lang='lat' dir='ltr'>pppppnnde&#39;re</span> <span class='ocrx_word' id='word_1_374' title='bbox 432 4158 548 4238; x_wconf 86' lang='lat' dir='ltr'>possitis</span> <span class='ocrx_word' id='word_1_375' title='bbox 569 4158 846 4286; x_wconf 23' lang='lat' dir='ltr'>uttrestretdeoreta</span> <span class='ocrx_word' id='word_1_376' title='bbox 858 4168 941 4219; x_wconf 84' lang='lat' dir='ltr'>recta</span> <span class='ocrx_word' id='word_1_377' title='bbox 958 4178 1025 4219; x_wconf 83' lang='lat' dir='ltr'>esse</span> <span class='ocrx_word' id='word_1_378' title='bbox 1040 4158 1204 4288; x_wconf 78' lang='lat' dir='ltr'>rideantur,</span> <span class='ocrx_word' id='word_1_379' title='bbox 1217 4180 1254 4223; x_wconf 83' lang='lat' dir='ltr'>en</span> <span class='ocrx_word' id='word_1_380' title='bbox 1271 4163 1337 4242; x_wconf 85' lang='lat' dir='ltr'>jam</span> 
     </span>
    </p>
   </div>
   <div class='ocr_carea' id='block_1_7' title="bbox 227 4326 1338 4519">
    <p class='ocr_par' dir='ltr' id='par_1_8' title="bbox 227 4326 1338 4519">
     <span class='ocr_line' id='line_1_43' title="bbox 280 4326 1338 4434; baseline 0.006 -32"><span class='ocrx_word' id='word_1_381' title='bbox 280 4343 310 4402; x_wconf 90' lang='lat'>6.</span> <span class='ocrx_word' id='word_1_382' title='bbox 334 4344 406 4405; x_wconf 82' lang='lat' dir='ltr'>Erat</span> <span class='ocrx_word' id='word_1_383' title='bbox 422 4343 510 4421; x_wconf 77' lang='lat' dir='ltr'>igitur</span> <span class='ocrx_word' id='word_1_384' title='bbox 522 4362 651 4423; x_wconf 78' lang='lat' dir='ltr'>oequum,</span> <span class='ocrx_word' id='word_1_385' title='bbox 666 4326 873 4415; x_wconf 80' lang='lat' dir='ltr'>Athenienses,</span> <span class='ocrx_word' id='word_1_386' title='bbox 889 4354 923 4404; x_wconf 91' lang='lat' dir='ltr'>ut</span> <span class='ocrx_word' id='word_1_387' title='bbox 942 4344 993 4434; x_wconf 81' lang='lat' dir='ltr'>qni</span> <span class='ocrx_word' id='word_1_388' title='bbox 1004 4346 1150 4425; x_wconf 75' lang='lat' dir='ltr'>promisse</span> <span class='ocrx_word' id='word_1_389' title='bbox 1162 4346 1338 4422; x_wconf 84' lang='lat' dir='ltr'>attrrlernnt,</span> 
     </span>
     <span class='ocr_line' id='line_1_44' title="bbox 227 4433 1336 4519; baseline 0.009 -28"><span class='ocrx_word' id='word_1_390' title='bbox 227 4436 350 4517; x_wconf 63' lang='lat' dir='ltr'>quibui</span> <span class='ocrx_word' id='word_1_391' title='bbox 359 4433 480 4496; x_wconf 85' lang='lat' dir='ltr'>adducti</span> <span class='ocrx_word' id='word_1_392' title='bbox 494 4454 599 4513; x_wconf 85' lang='lat' dir='ltr'>pacem</span> <span class='ocrx_word' id='word_1_393' title='bbox 612 4434 732 4509; x_wconf 86' lang='lat' dir='ltr'>lecistis,</span> <span class='ocrx_word' id='word_1_394' title='bbox 746 4435 919 4498; x_wconf 86' lang='lat' dir='ltr'>citarentur:</span> <span class='ocrx_word' id='word_1_395' title='bbox 940 4436 1121 4515; x_wconf 87' lang='lat' dir='ltr'>nequeenim</span> <span class='ocrx_word' id='word_1_396' title='bbox 1133 4436 1195 4518; x_wconf 88' lang='lat' dir='ltr'>ipse</span> <span class='ocrx_word' id='word_1_397' title='bbox 1204 4456 1336 4519; x_wconf 80' lang='lat' dir='ltr'>unquam</span> 
     </span>
    </p>
   </div>
   <div class='ocr_carea' id='block_1_8' title="bbox 0 0 1472 5000">
    <p class='ocr_par' dir='ltr' id='par_1_9' title="bbox 0 0 1472 5000">
     <span class='ocr_line' id='line_1_45' title="bbox 0 0 1472 5000; baseline 0 2"><span class='ocrx_word' id='word_1_398' title='bbox 0 0 1472 5000; x_wconf 95' lang='lat' dir='ltr'> </span> 
     </span>
    </p>
   </div>
  </div>
 </body>
</html>
