2934 5000
10 2561 11 2564 ’
99 2557 204 2620 Recita
215 2559 304 2620 etiam
319 2560 466 2636 Beriuuda
480 2560 645 2639 epistolem.

371 330 542 391 conium
570 326 905 431 lnrerocnannn.
1003 300 1009 307 ’
1125 301 1191 377 ‘roa

48 534 51 543 i
89 466 192 551 baetin,
212 489 243 541 et
262 484 531 555 tenatuaoouaulto,
551 485 631 563 quod
654 482 819 546 Glaucone·
832 478 976 540 referente
997 476 1109 535 tenum
1132 480 1192 543 eet,

89 570 195 631 decem
205 569 318 649 legator
328 590 345 629 e
355 572 468 632 civibus
482 574 585 633 vestris
596 574 726 636 delectos
736 569 919 639 decrevistis,
928 568 990 647 qui,
1003 567 1029 625 ei
1043 566 1073 624 iu
1086 584 1123 625 eo
1135 565 1192 623 ioe·

91 660 172 731 dere,
187 661 268 740 quod
288 680 356 722 cum
372 664 563 724 Athenodoro
583 666 701 739 fecerat,
719 674 852 725 maneret
872 656 1193 737 Cerroblepter,jueju-

90 752 215 813 randum
230 754 317 813 abeo
330 772 430 813 rursus
444 758 605 835 exigerent,
621 758 665 814 sin
680 756 826 827 minum
839 752 957 812 duobus
969 746 1086 827 regibus
1101 746 1192 806 fidem

92 843 268 923 acciperent,
293 854 324 903 θῑ
344 862 402 922 quo
431 856 518 925 pecto
537 845 587 906 ille
610 846 691 906 bello
711 846 858 926 petendus
880 851 968 913 earet,
988 839 1193 900 deliberarent.

91 933 238 995 Proiectis
258 954 343 1015 porro
352 935 415 1014 jam
429 936 546 1015 legatis,
558 956 624 996 eum
635 938 696 1018 jam
716 937 766 997 isti
786 936 1054 1013 tergiversarentur,
1071 939 1103 989 et
1120 926 1192 987 nibil
1298 972 1305 983 ,

90 1026 173 1086 vobis
183 1036 324 1105 proestare
336 1027 447 1089 vellent
457 1028 537 1105 quod
550 1028 675 1108 simplex
690 1039 742 1089 aut
750 1028 864 1108 justum
878 1035 967 1099 earet,
982 1024 1025 1082 sie
1038 1022 1144 1093 evenit,
1159 1031 1194 1080 ut

91 1136 136 1177 ree
146 1136 282 1196 eousque
295 1121 587 1198 procreetiuarentun
602 1120 714 1197 durnin
729 1118 872 1178 Euboeam
885 1114 993 1175 auxilia
1002 1114 1193 1185 mitteremur,

92 1218 123 1269 et
136 1210 248 1270 Chares
257 1210 423 1288 imperator,
432 1212 584 1272 adducens
599 1232 700 1272 recum
714 1209 885 1290 peregrinos
901 1206 1018 1276 militet,
1032 1202 1193 1274 adveniret,

77 1310 214 1378 „atquea
235 1301 318 1362 rubia
333 1301 461 1362 dictator
474 1312 601 1374 creatur,
617 1305 647 1366 in
663 1302 880 1363 Cherronesum
894 1297 1053 1374 navigaret
1075 1295 1125 1354 Sic
1141 1294 1193 1353 de·

93 1399 155 1453 nuo
175 1394 273 1453 loedus
294 1414 361 1453 eum
390 1396 517 1456 Charete
541 1396 623 1471 iacit,
647 1397 766 1473 quicum
792 1412 824 1452 ee
846 1389 1053 1450 Athenodorus
1077 1396 1108 1446 et
1133 1388 1194 1447 duo

38 1472 41 1485 '
92 1502 179 1565 regen
198 1484 421 1565 conjunxerant,
440 1486 520 1565 quod
537 1497 586 1547 est
602 1488 733 1569 omnium
753 1484 905 1564 optimum,
927 1491 958 1541 et
977 1476 1194 1561 nequissimum:
1273 1506 1284 1527 τ

94 1572 137 1632 sie
154 1574 226 1653 ipsit
242 1575 326 1634 factis
344 1596 410 1636 sese
429 1578 571 1657 coarguit,
591 1598 623 1637 ue
637 1590 742 1638 eontra
754 1585 885 1635 nostram
900 1574 1002 1632 urbem
1025 1569 1195 1631 oeeariouee

95 1674 225 1744 captare,
236 1687 333 1746 neque
347 1668 472 1748 simplex
480 1678 531 1728 aut
541 1688 657 1749 equum
665 1670 822 1748 quicquam
837 1664 977 1745 cogitare.
998 1662 1094 1730 Quem
1107 1662 1196 1739 igitur

9 1836 10 1843 ἵ
94 1759 273 1837 temporibus
289 1758 460 1832 adductum,
480 1760 621 1841 paulatim
634 1762 717 1821 vobis
732 1760 860 1839 amioum
879 1754 1085 1840 fleripemitia,
1099 1762 1130 1812 et
1144 1770 1196 1832 pro

95 1868 132 1909 eo
146 1868 181 1909 uc
193 1868 246 1911 voe
259 1868 348 1929 porse
361 1860 456 1931 putat,
469 1853 702 1913 benevolentiam
716 1852 747 1911 in
761 1869 814 1910 voe
828 1866 940 1929 gerere,
953 1846 1078 1922 hujusne
1090 1854 1196 1924 poten·

95 1941 166 2001 tiam
178 1942 345 2021 augendam
355 1963 423 2003 eure
435 1944 617 2017 existimatis,
629 1956 716 2023 atque
726 1943 803 2003 adeo
813 1961 866 2022 per
874 1960 930 2001 voe
940 1936 1196 2017 amplificandam?

96 2032 166 2092 Non
180 2045 259 2093 reete
276 2035 460 2095 existimatis.
494 2037 535 2094 Ut
556 2038 644 2115 igitur
665 2035 765 2095 aciatis
784 2035 849 2093 haec
862 2052 882 2092 a
895 2052 942 2093 me
958 2028 1110 2101 veredici,
1127 2048 1197 2108 pro·

95 2125 204 2185 feretur
215 2125 350 2203 epistola,
364 2136 432 2204 poet
444 2124 568 2205 primum
584 2126 682 2187 t'oedus
696 2127 755 2196 bue
768 2126 867 2191 mirra.
882 2121 993 2183 deiude
1005 2130 1037 2181 et
1046 2120 1195 2181 lierieadr'a

9 2254 10 2261 κ
95 2216 233 2295 epistole.
254 2212 335 2296 Nam·
346 2236 383 2276 eo
399 2224 559 2295 pretorem
572 2216 681 2297 optime
692 2215 873 2293 intelligetis.

541 2402 751 2467 meroen.

1160 2624 1170 2660 l

500 2707 504 2716 ’
542 2748 751 2810 neronom.

12 2927 13 2934 κ
140 2895 190 2952 44.
209 2893 342 2953 Societas
357 2893 445 2974 igitur
457 2893 583 2952 duorum
596 2911 710 2972 regum,
732 2890 842 2951 abolito
856 2893 919 2969 jem
939 2890 1125 2952 fraudulento
1143 2892 1199 2956 foe·

101 2983 169 3043 dere
183 3003 250 3044 eum
265 2983 466 3064 Cephisodoto
479 2973 570 3056 lacto,
583 2984 744 3044 constituta
756 2993 801 3043 ert
812 2981 988 3062 Miltocytlre
997 2985 1059 3061 jam
1072 2981 1199 3055 sublato,

100 3083 132 3133 et
160 3073 337 3134 Charidemo
363 3069 459 3154 reipsa
486 3085 603 3147 tentato,
624 3094 656 3133 re
679 3086 787 3135 nostrae
807 3075 932 3135 civitatis
953 3093 1020 3134 erse
1042 3075 1198 3134 inimicum.

101 3163 161 3231 Qui
174 3164 261 3236 enim,
275 3163 363 3243 qu'em
377 3165 488 3224 sciebat
506 3165 635 3222 omnium
648 3164 731 3224 vobis
746 3183 810 3224 eree
823 3165 1103 3243 conjunctissimum,
1118 3165 1200 3226 huno

99 3256 130 3315 in
145 3265 325 3334 potestatem
346 3271 430 3313 tuam
447 3253 609 3324 redactum,
627 3255 831 3315 infensissimis
845 3255 949 3315 ventrio
968 3255 1103 3313 hortibus
1125 3255 1199 3314 Car·
1238 3309 1243 3317 .

100 3343 197 3406 dianio
210 3342 326 3403 tradere
339 3363 400 3404 uon
421 3343 573 3415 dubitavit,
589 3362 686 3403 nonne
705 3345 777 3404 eatis
797 3345 917 3405 evidens
936 3344 1067 3403 exhibuit
1084 3343 1201 3404 hostilia
1233 3403 1237 3411 ,

100 3435 190 3498 animi
204 3434 430 3514 argumentum?
450 3433 537 3504 Quod
555 3433 652 3514 igitur,
672 3435 849 3495 imminentia
863 3433 1052 3495 a'llrracibus
1067 3443 1098 3494 et
1107 3435 1201 3496 Athe-

101 3525 216 3592 uodoro
229 3527 300 3589 belli
314 3535 405 3606 metu,
418 3526 514 3587 ioedus
529 3527 609 3606 feeit,
622 3538 654 3588 et
666 3538 770 3608 postea
790 3526 1004 3609 Cerroblepter,
1018 3529 1117 3590 recita.

572 3703 732 3805 FOEpUS.

103 3851 133 3910 le
152 3839 238 3929 porro
265 3845 315 3926 qui
341 3848 406 3928 lroec
425 3848 544 3928 reripeit
565 3859 596 3909 et
618 3847 740 3928 pepigit,
759 3858 792 3907 et
811 3850 1032 3930 jusjurandum,
1048 3849 1200 3928 quodvoe

104 3933 344 4012 audietis,'dedit,
357 3949 514 4020 portquem
533 3940 670 4002 dimissae
686 3940 868 4002 Athenodori
880 3943 981 4020 oopioe
996 3940 1080 4020 vidit,
1092 3943 1201 4000 et'uua

103 4031 198 4095 solum
212 4029 319 4091 triremi
331 4031 489 4094 Chabriam
502 4033 676 4106 venientem,
689 4051 785 4111 ueqim
799 4032 931 4112 {pbiruloe
942 4033 1035 4091 lilium
1046 4029 1132 4090 vobin
1140 4033 1202 4090 tra'-

103 4123 189 4193 didit,
198 4135 294 4202 neque
303 4123 462 4203 quiequam
475 4143 576 4186 eorum
589 4143 656 4206 quie
664 4127 789 4200 jurarat,
801 4125 882 4196 feeit,
895 4122 950 4182 red
963 4120 1120 4200 etreliqua
1132 4126 1201 4202 'per-

104 4215 215 4294 scripte
226 4212 258 4270 iu
271 4211 383 4276 loedere
395 4225 496 4296 neget,
510 4227 548 4286 ¹et
559 4217 620 4278 tole
632 4216 730 4278 lodus
745 4215 856 4288 aeriblt,
868 4213 955 4292 cuju
967 4211 1133 4293 exemplum
1146 4232 1200 4274 au-

105 4303 205 4370 dietis.
236 4304 348 4368 Recita.
564 4325 568 4330 ·
1107 4350 1117 4370 .
