2934 5000
542 317 597 377 DE
618 319 799 380 CORONA.
844 353 847 364 ·
1153 325 1208 381 185

121 465 168 522 eis,
181 465 253 514 neris
264 467 392 517 reiciendis
400 475 493 518 emtor
502 471 589 528 tectus,
602 475 646 521 tris
656 474 679 520 in
689 474 715 522 id
731 488 792 535 opus
808 474 894 522 triente
909 476 940 522 de
951 489 993 524 roo
1007 475 1102 536 ineupm
1116 483 1208 538 erogrte

120 545 209 606 populo
217 544 318 602 donarit,
326 555 351 594 et
360 547 464 595 muudi
474 549 579 609 pecunie
587 551 711 611 preelectus
721 551 821 600 omniurn
831 552 931 600 tribuum
943 552 1064 600 thmtreler
1072 551 1206 600 collstioner

121 626 212 666 certum
227 621 294 667 minio
304 621 402 669 aoxitin
413 623 534 681 sacrificis,
544 626 636 685 plecere
650 627 740 674 nortui
758 629 890 690 populoque
904 627 1039 676 Atheniensi
1054 628 1145 675 laudere
1158 628 1206 675 De·

118 697 259 743 mertherom
273 699 435 773 Demosthenis
451 700 467 745 t.
481 701 636 748 l’oeenienscrn
654 703 749 750 virtutis
765 720 820 765 ergo
837 705 1055 765 benevolentiesque,
1070 719 1138 766 quem
1155 719 1207 766 per·

118 777 189 832 petre
198 773 268 820 hebet
279 789 334 834 erge
345 775 457 835 populoru
474 775 651 837 Atheniensem
661 793 759 839 eumque
770 794 839 827 eures
849 793 935 826 corone
946 781 1041 836 (lenm,
1053 787 1076 828 ct
1084 779 1206 840 predicari

117 863 227 896 omnum
237 849 262 896 iu
278 850 368 896 theatro
379 849 501 910 Dionysiis
518 852 629 912 tresstedir
645 854 728 900 noris:
747 855 920 916 predicationis
936 863 1012 903 eutem
1026 871 1104 903 nurum
1120 855 1205 904 hebere

118 926 269 972 emmim
279 927 422 986 prefectum.

117 1049 192 1116 Ques
206 1051 293 1128 igitur
304 1052 426 1132 largitus
440 1071 514 1125 sum,
527 1052 592 1112 hoec
607 1062 684 1124 sunt,
706 1073 831 1130 quorum,
845 1063 877 1111 tu
896 1053 967 1112 nihil
983 1055 1117 1118 incuses:
1139 1075 1204 1133 ques

83 1150 85 1153 '
116 1151 215 1201 autem
223 1144 310 1222 jubet
322 1144 392 1203 mihi
404 1155 522 1206 senatus
536 1164 589 1224 pro
602 1144 648 1204 hie
660 1143 790 1224 rependi,
810 1163 846 1203 ea
859 1155 929 1204 sunt
941 1166 1006 1224 quse
1018 1148 1127 1224 judicio
1139 1166 1205 1226 per·

113 1235 255 1312 sequeris.
286 1236 427 1313 Accipere
443 1237 531 1313 igitur
551 1235 690 1293 beneficia
713 1235 873 1312 legitimum
896 1254 961 1292 esse
983 1237 1129 1308 concedis,
1151 1257 1204 1316 pro

112 1324 218 1384 iisdem
228 1327 349 1403 gratiam
358 1327 463 1385 reterre
474 1327 505 1385 id
513 1325 597 1407 quasi
606 1323 719 1403 legibus
730 1325 905 1383 contrarium
917 1325 1087 1386 insectaris?
1108 1329 1204 1388 Homo

112 1417 246 1494 undique
260 1418 432 1495 profligatus
451 1427 482 1476 et
494 1417 549 1476 diis
561 1417 672 1477 inrisus
692 1425 723 1474 et
743 1434 843 1475 revers
862 1415 968 1476 lividus
978 1419 1072 1496 qualis
1088 1419 1141 1478 erit
1154 1440 1207 1498 per

113 1509 187 1566 deos
201 1507 399 1566 immortales?
417 1528 477 1566 non
491 1507 677 1587 hujusmodi?

157 1600 206 1658 36.
227 1599 317 1678 Atqui
331 1599 412 1678 quod
429 1600 532 1659 attinet
549 1599 587 1658 ed
600 1599 836 1678 praedicationem
849 1600 879 1659 iu
892 1599 1018 1660 Theetro
1031 1599 1204 1673 faciendam,

112 1691 219 1751 millies
232 1693 349 1771 quidem
362 1692 467 1753 millies
485 1694 591 1752 factam
607 1693 695 1752 inisse
708 1694 907 1772 praetermitto,
921 1712 1022 1772 meque
1040 1695 1135 1773 ipsum
1149 1714 1205 1752 sae-
1288 1699 1292 1704 ’

111 1803 272 1862 penumero
286 1785 412 1844 antehac
421 1784 527 1844 ibidem
536 1803 602 1844 esse
615 1795 795 1844 coronatum.
817 1783 877 1842 Sed
886 1804 938 1862 per
945 1783 1015 1844 deos
1025 1783 1202 1846 immortales
1244 1787 1250 1794 “

111 1876 191 1935 itane
206 1876 329 1936 stolidus
341 1897 373 1936 es
387 1886 475 1956 atque
486 1897 597 1950 vecors,
612 1875 759 1948 AEschine,
772 1883 806 1934 ut
817 1885 915 1935 tecum
928 1876 989 1956 ipse
1003 1875 1129 1954 cogitare
1142 1897 1201 1936 non

111 1968 251 2046 potueris,
264 1967 324 2027 viro
342 1970 392 2047 qui
405 1981 559 2029 coronatur
572 1970 696 2029 eandem
715 1967 838 2046 gloriam
856 1966 955 2027 afferre
974 1987 1121 2041 coronam,
1137 1970 1202 2028 ubi-

114 2079 230 2137 cunque
244 2060 361 2118 demum
374 2061 554 2139 predicetur,
569 2060 622 2120 sed
641 2079 742 2118 eorum
756 2060 805 2136 qui
819 2077 953 2118 coronent
971 2059 1081 2118 donent
1094 2059 1202 2119 utitita-

111 2153 153 2211 tie
167 2152 259 2230 gretie
277 2152 307 2210 iu
322 2151 448 2210 Theatro
466 2153 526 2209 fleri
540 2149 740 2230 preconium?
762 2149 873 2208 Omnes
893 2149 967 2207 enim
988 2160 1130 2228 quotquot
1149 2170 1200 2210 au·

112 2243 230 2301 dierunt
244 2242 282 2301 ed
293 2244 368 2301 bene
380 2242 548 2301 merendum
559 2242 596 2300 de
609 2239 760 2319 republica
773 2240 941 2309 excitantur,
957 2259 1063 2318 eosque
1073 2243 1122 2318 qui
1137 2263 1202 2319 gra-

110 2336 170 2395 tias
186 2335 346 2394 retribuunt
359 2333 515 2413 majoribus
528 2333 662 2392 laudibus
675 2332 800 2392 efferunt
817 2350 902 2409 quem
918 2349 985 2389 eum
999 2332 1049 2408 qui
1066 2351 1201 2393 coronam

111 2429 318 2507 consequitur:
340 2428 477 2506 quocirca
498 2428 575 2488 hanc
596 2428 693 2509 legem
714 2425 816 2486 civitas
830 2423 904 2484 tulit.
938 2423 997 2483 Sed
1016 2424 1110 2503 ipsam
1134 2426 1202 2486 mihi

110 2522 209 2600 legem
224 2539 296 2599 cape
309 2530 339 2580 et
351 2519 452 2580 recita.

606 2701 699 2763 LEX.

144 2845 298 2905 Quotcunque
305 2859 389 2892 corone
396 2845 483 2891 donent
492 2843 568 2907 rliqre
579 2861 609 2892 ex
620 2840 762 2905 municipiis,
773 2854 907 2889 coronarum
920 2836 1098 2903 predicationer
1108 2838 1162 2888 tient
1173 2839 1197 2887 in

108 2918 171 2980 ipris
182 2917 277 2980 ringula
287 2919 428 2982 municipiis,
444 2919 491 2966 niti
507 2937 565 2980 qoor
580 2920 681 2981 populus
693 2918 842 2966 Atheniensis
858 2924 897 2964 eut
912 2921 1004 2964 renatus
1021 2916 1154 2963 eoronehit:
1168 2918 1198 2963 de

44 3010 48 3015 ’
108 2994 150 3041 hie
161 3002 235 3041 eutem
248 2995 350 3042 licentio
361 2996 450 3042 theetro
461 2996 581 3056 Dionysiie
593 2995 726 3058 praedicare.

154 3122 201 3178 37.
218 3119 322 3190 Audis,
334 3118 485 3190 AEechiue,
494 3119 589 3198 legem
599 3119 726 3180 dilucide
734 3116 998 3197 loquentem,nisi
1021 3136 1117 3193 quoe
1139 3136 1198 3194 po·

105 3209 230 3290 pultis
253 3220 322 3266 eut
342 3219 505 3267 senatus
526 3210 687 3269 coronis
715 3209 900 3268 donavit:
923 3207 965 3264 de
988 3206 1045 3265 his
1069 3218 1198 3267 eutem

104 3304 183 3362 fiat
208 3300 460 3379 praecouium.
493 3300 572 3366 Quid
582 3302 678 3379 igitur,
688 3302 784 3369 miser,
799 3295 1006 3380 calumnieris?
1027 3296 1098 3373 quid
1111 3298 1199 3357 rerba

107 3392 222 3473 fingis?
242 3392 312 3469 quin
334 3403 364 3451 te
385 3393 422 3450 ob
443 3392 507 3451 haec
530 3393 657 3451 elleboro
677 3412 797 3470 purges,
817 3410 871 3450 nec
891 3400 920 3447 te
939 3388 1031 3466 pudet
1056 3390 1197 3451 actionem

107 3486 195 3547 elteri
211 3484 361 3545 intendere
378 3483 496 3554 invidie,
516 3502 575 3543 nou
596 3484 712 3543 crimine
734 3484 831 3560 aliquo
851 3489 1036 3555 commotum,
1059 3482 1198 3565 legesque

107 3580 183 3639 aliae
195 3586 383 3647 committere,
399 3576 464 3654 eliis
476 3586 588 3654 partem
601 3573 763 3645 detrahere,
777 3592 848 3652 qnae
863 3572 990 3651 integras
1007 3592 1122 3652 aequum
1137 3588 1200 3637 erat

108 3673 236 3744 recitari,
248 3671 405 3750 presertim
418 3669 523 3748 iie,qui
543 3689 575 3729 se
591 3672 724 3743 jurarunt
746 3666 907 3725 secundum
927 3665 1005 3745 leges
1024 3657 1197 3729 sententiam
1242 3666 1247 3677 ⁸

109 3764 242 3826 tantast
265 3763 381 3821 Deinde
394 3771 428 3821 tu
448 3782 515 3821 cum
527 3761 597 3821 telis
610 3760 700 3820 facias
718 3758 790 3838 quid
802 3757 863 3816 viro
876 3756 1008 3837 populari
1029 3758 1124 3842 inesse
1146 3760 1197 3818 dc-

110 3860 180 3919 beat
196 3874 341 3929 recenses,
352 3854 473 3934 perinde
486 3874 521 3914 ec
533 3854 559 3913 si
573 3863 700 3912 statuam
713 3872 750 3910 ex
764 3851 929 3931 syngrapha
939 3850 1104 3910 faciendam
1117 3850 1196 3909 loca-

110 3950 196 4021 reris,
214 3967 336 4027 eumque
355 3957 460 4026 postea
478 3945 624 4025 acceperis
643 3964 703 4005 nou
720 3945 762 4003 ite
782 3944 961 4015 coniectams
975 3954 1008 4001 ut
1032 3940 1198 4019 syngrapha

109 4040 280 4119 poeniteret,
299 4050 351 4097 cut
366 4039 450 4117 quest
466 4038 566 4116 ¹verbis
584 4036 750 4117 populares,
766 4057 824 4097 non
837 4035 922 4095 factis
942 4038 977 4093 et'
991 4032 1128 4091 institutis
1143 4050 1195 4109 pu-

109 4132 191 4192 blicis
204 4132 422 4209 dignoscantur.
445 4130 484 4189 Et
497 4129 662 4191 vociferaris
684 4128 830 4206 laudeque
845 4136 875 4185 et
887 4118 1015 4193 infanda,
1028 4130 1163 4213 tenquem
1179 4144 1195 4183 e

111 4223 247 4302 pletutro,
262 4223 419 4294 blaterans,
432 4224 541 4301 quaein
560 4232 590 4281 te
606 4240 757 4301 genusque
780 4232 863 4277 tunm
886 4212 1070 4283 conveniunt,
1093 4233 1151 4272 non
1167 4214 1195 4276 in

109 4334 169 4375 me.
188 4315 342 4387 Ettamen,
353 4315 554 4385 Athenienses,
566 4314 607 4373 sic
618 4332 704 4373 seres
714 4312 813 4371 hebet.
843 4307 908 4365 Hoc
918 4323 973 4381 ego
983 4304 1142 4369 convicium
1158 4310 1193 4367 ab

109 4406 293 4468 accusemne
309 4406 422 4469 differre
435 4406 566 4481 arbitror,
586 4403 665 4482 qnod
679 4400 827 4463 accusatio
847 4395 967 4457 crimina
986 4384 1193 4475 complectitur,

612 4496 631 4551 2
653 4512 671 4551 e
