2934 5000
258 301 316 367 lu
670 299 727 362 nl
747 297 934 364 CORONA.

513 477 773 538 RESPONSUM
789 479 848 540 AD
870 475 1107 539 mestuus,

290 597 345 644 Rex
355 597 510 646 ldsoedonnnr
518 597 643 661 Philippus
651 598 741 646 metui
754 597 886 662 populoque
896 597 1009 646 lhehsno
1019 597 1045 645 8.
1063 597 1153 645 literas
1164 603 1255 646 uestras
1267 595 1363 660 sesepi,

256 673 341 737 qsihns
349 673 495 722 nomordissn
507 679 532 721 et
543 689 626 736 paoem
636 688 688 734 qam
698 673 760 722 ister
771 689 814 721 nus
825 683 863 720 est
879 674 903 720 in
915 673 1048 722 memoriam
1059 673 1116 720 rnihi
1127 671 1254 721 serenatis.
1282 673 1362 722 Audin

145 779 154 796 s
257 763 329 814 perro
340 750 494 798 Athesissses
505 750 569 798 onsi
580 763 625 798 vos
631 749 713 798 studia
723 749 844 812 prossqsi,
852 757 878 796 ut
888 763 917 798 ss
926 749 1096 812 nlnirussqne
1104 751 1133 796 sb
1144 749 1203 811 ipsis
1211 751 1363 812 pnstrshstsr

256 829 420 890 ssuprobstls.
443 831 479 876 As
489 827 590 889 pri-sss
600 823 698 888 quiden
707 841 751 874 eos
761 827 909 883 ssosssbsss,
926 827 993 888 qsssi
1004 841 1060 888 spes
1071 827 1101 874 sb
1111 825 1159 876 illis
1170 827 1262 876 oblstss
1274 829 1362 878 essetis

257 907 388 969 amplexari
398 899 526 968 'sommqss
536 906 644 952 institnts
654 904 773 952 secuturi:
791 917 852 952 nuno
869 919 925 950 vern
937 908 1086 964 mstssqnsrn
1099 901 1199 964 sopori
1212 918 1255 950 sns
1266 921 1295 952 es
1305 921 1363 968 erga

256 999 300 1032 sos
308 999 360 1031 esse
371 983 500 1038 voluntate,
510 989 537 1030 ut
545 995 627 1043 penest
638 981 718 1041 potius
728 979 799 1036 tueri,
809 995 876 1042 quens
888 977 986 1026 eliorum
996 977 1117 1026 sententiis
1126 978 1261 1044 morigerari
1272 981 1362 1039 salitis,

256 1059 348 1108 letatus
359 1075 408 1107 ιιι
420 1065 444 1106 et
454 1073 507 1106 nnn
517 1057 597 1106 multis
608 1071 652 1103 sos
665 1055 797 1103 nominibus
808 1055 935 1116 impensius
946 1055 1026 1112 lsndn,
1036 1059 1084 1102 tsnr
1092 1069 1121 1103 eo
1132 1055 1250 1117 precipue
1262 1058 1326 1119 quod
1337 1065 1362 1105 et

256 1136 343 1184 undosa
353 1137 377 1183 ln
387 1135 425 1182 his
435 1137 505 1183 rehns
519 1133 618 1182 nomilia
636 1132 733 1195 cepistis
749 1139 774 1179 et
784 1139 885 1180 vestrsrn
901 1145 958 1194 esus
976 1145 1020 1179 nos
1036 1131 1220 1180 benevolentius
1238 1132 1361 1182 retinetisr

257 1214 320 1274 qssd
330 1227 377 1260 sos
387 1224 470 1275 psrnrs
480 1211 548 1260 robis
557 1211 669 1260 nomenti
679 1209 803 1258 slistnrsss
811 1215 877 1270 puto,
888 1207 944 1256 siin
955 1207 1001 1256 isto
1011 1207 1119 1256 instituto
1130 1209 1251 1256 unestis.
1268 1211 1360 1260 Vslsts.

300 1334 349 1392 53.
370 1329 429 1392 nis
450 1330 559 1392 artrhus
577 1350 645 1391 cum
664 1327 706 1389 ita
725 1327 800 1390 inter
822 1349 853 1388 se
874 1327 1028 1409 Philippus
1046 1327 1180 1400 civitates
1202 1329 1361 1410 affecisset,

259 1425 362 1504 hisque
375 1431 456 1484 esset
469 1421 595 1484 decretis
614 1433 644 1482 et
664 1421 904 1501 responsionibus
921 1421 1025 1493 elatus,
1043 1420 1124 1480 venit
1143 1441 1211 1481 curn
1231 1425 1361 1486 exercitu

258 1525 289 1578 et
303 1517 438 1577 Elateam
452 1513 618 1594 occuparit,
632 1514 755 1593 proinde
768 1511 852 1591 quasi
863 1511 1007 1590 quidlibet
1021 1511 1092 1572 licet
1109 1512 1266 1576 accidisset
1287 1537 1362 1578 nun·

259 1631 346 1693 quarn
355 1611 420 1690 jam
432 1626 485 1667 vos
498 1618 529 1668 et
541 1606 675 1668 'lbebani
688 1604 860 1667 consensuri
874 1604 986 1665 essetis.
1021 1603 1173 1665 Enimvero
1187 1599 1238 1687 quii
1251 1619 1314 1669 urm
1332 1611 1362 1670 in

259 1705 331 1762 urhe
344 1699 487 1761 tumultus
501 1697 646 1758 excitatus
660 1707 715 1772 est,
730 1696 822 1758 nostis
837 1715 949 1765 omnes,
962 1715 1057 1776 pauca
1070 1707 1166 1758 minen
1183 1699 1220 1759 de
1234 1721 1280 1773 eo,
1294 1723 1362 1783 quse

260 1799 329 1857 sunt
348 1794 475 1854 maxime
493 1789 668 1864 necessaria,
688 1789 824 1869 accipite.
846 1789 961 1870 Vesper
980 1791 1056 1850 eninr
1077 1801 1150 1866 erat,
1170 1795 1363 1858 renitentem

259 1886 378 1968 quidam
391 1883 431 1945 ad
449 1893 599 1962 prytanea,
613 1883 825 1959 nuntiabatque
837 1890 954 1960 captam
968 1901 1033 1942 esse
1048 1881 1192 1945 Elateam.
1223 1887 1264 1946 lbi
1283 1907 1362 1948 oon-

260 1981 343 2040 tinuo
357 1976 406 2037 alii
418 1993 437 2035 a
449 1993 537 2034 coena
550 1983 704 2054 surgentes
725 1973 858 2032 homines
878 1991 915 2033 ex
935 1975 1061 2035 tabernis
1079 1993 1146 2054 qum
1165 1977 1194 2036 in
1214 1978 1276 2038 loro
1290 1993 1364 2041 sunt

258 2071 451 2133 exturbarunt
470 2077 501 2126 et
513 2065 581 2125 sela
593 2065 796 2138 incenderunt,
816 2062 865 2123 alii
879 2074 1024 2146 strategos
1039 2080 1223 2128 arcesserunt
1239 2081 1269 2130 et
1282 2073 1361 2132 tubi-

258 2165 354 2225 cinetn
367 2168 543 2230 evocarunt3
563 2175 599 2219 ae
611 2158 700 2240 plena
710 2157 857 2219 tumuitus
868 2167 931 2220 erat
944 2159 1057 2222 civitas.
1084 2161 1227 2224 Postridie
1245 2183 1361 2227 summo

259 2271 346 2318 mane
360 2263 499 2338 prytanea
520 2261 656 2312 senatum
670 2251 821 2313 vocantia
836 2253 955 2327 curiam,
975 2273 1027 2314 vos
1049 2253 1079 2313 in
1099 2255 1269 2316 concionem
1289 2277 1362 2318 eon-

259 2348 392 2425 tenditis,
413 2359 443 2408 et
456 2345 626 2427 priusquam
642 2354 763 2405 senatus
784 2344 922 2405 retulerat
942 2355 971 2406 et
993 2347 1219 2426 preconsultum
1239 2349 1360 2424 fecerat,

259 2442 412 2509 universus
420 2446 483 2519 jam
496 2437 623 2521 populus
637 2457 728 2519 supra
742 2436 924 2498 consederat.
950 2436 1066 2499 Deinde
1080 2449 1234 2521 postquam
1247 2443 1361 2523 ingres-

260 2557 312 2597 sus
325 2545 373 2597 est
382 2543 513 2603 senstm,
523 2541 554 2591 et
566 2540 765 2609 esposuemnt
773 2520 956 2617 prytanes‘ea
967 2550 1034 2609 quse
1048 2532 1128 2593 adse
1141 2532 1239 2597 delata
1250 2548 1363 2615 essent,

261 2644 387 2705 eumque
409 2624 460 2703 qui
479 2632 601 2683 venerat
619 2622 830 2702 produxerunt,
850 2623 934 2701 isque
953 2623 1068 2685 loeutus
1089 2636 1144 2699 est,
1162 2626 1364 2709 interrogabat

261 2716 461 2799 praecoquis
485 2714 717 2775 concionari
743 2713 852 2774 vulti
872 2716 1114 2795 nemoprodibat.
1136 2720 1362 2799 Smpiusautem

261 2818 383 2887 rogante
403 2824 548 2885 precone,
569 2805 661 2866 nihilo
681 2807 773 2887 magis
792 2807 930 2885 surgebat
950 2808 1112 2888 quisquam,
1133 2830 1200 2871 curn
1223 2814 1364 2877 adessent

262 2918 364 2961 omnes
377 2896 508 2975 strategi,
522 2916 623 2957 omnes
642 2909 781 2971 oratores,
802 2917 926 2978 cumque
940 2902 1102 2961 communis
1117 2904 1219 2983 patrias
1231 2926 1289 2969 ros
1307 2908 1363 2969 ali·

261 3008 349 3071 quem
363 2988 466 3051 citaret
485 2988 536 3067 qui
556 2988 594 3048 de
612 2990 707 3049 salute
719 2988 838 3068 publice
857 2990 984 3052 diceret:
1006 3013 1094 3072 quam
1110 2996 1187 3056 eninr
1202 3018 1300 3078 proeqo
1315 3021 1360 3061 *ex

260 3084 361 3165 legum
374 3081 544 3166 prescripto
557 3101 660 3143 uocem
679 3082 777 3157 mittit,
791 3082 868 3145 hanc
886 3103 1067 3149 communem
1081 3092 1183 3169 patrie
1196 3094 1363 3158 existimare

263 3176 389 3260 bportet.
425 3175 517 3260 Atqui
531 3176 556 3237 si
570 3176 612 3236 eis
629 3177 680 3255 qui
694 3176 901 3263 rempublicam
915 3178 1024 3241 salvam
1040 3180 1201 3245 voluissent
1212 3188 1363 3267 prodeun-

263 3270 334 3332 dum
346 3268 413 3344 tuit,
425 3289 479 3330 vos
493 3266 592 3349 utique
605 3288 708 3330 omnes
729 3281 760 3329 et
776 3270 874 3329 ceteri
887 3270 1081 3335 Athenienses
1103 3291 1311 3357 consurgentes
1329 3282 1363 3343 in

223 3354 227 3362 ’
261 3374 432 3443 suggestum
448 3361 693 3431 adscendissatis;
715 3379 818 3422 omnes
833 3361 921 3436 enim,
933 3374 979 3425 sat
998 3366 1070 3440 sein,
1090 3367 1202 3429 salvam
1222 3392 1288 3433 eam
1307 3396 1363 3436 vo-

262 3455 378 3514 luistis:
398 3454 424 3513 si
434 3450 595 3527 ditissimis,
609 3454 732 3515 trecenti
746 3454 798 3513 viri
811 3455 1011 3517 mrresissent:
1026 3460 1050 3519 si
1065 3461 1107 3519 eis
1119 3462 1226 3541 quihus
1237 3475 1363 3547 uti-sque

263 3546 330 3605 hmo
345 3546 551 3623 suppetebant,
570 3546 705 3607 nimirum
717 3556 749 3606 et
760 3548 909 3609 benevolis
922 3550 951 3607 in
965 3551 1172 3630 rempublicam
1185 3564 1215 3614 et
1233 3557 1364 3640 loeuple-

262 3636 354 3706 tibus,
367 3634 387 3693 ii
394 3636 445 3713 qui
457 3638 590 3713 posthaec
604 3658 713 3718 magna
726 3639 803 3699 ultro
814 3642 915 3717 pstrioe
927 3640 1072 3703 donarunt
1084 3664 1220 3716 muneror
1242 3670 1311 3711 nam
1323 3672 1365 3715 et

262 3726 466 3788 benevolentia
492 3728 600 3805 pariter
626 3741 657 3789 et
676 3729 784 3790 divitiis
805 3730 834 3791 id
854 3732 997 3792 secarunt.
1032 3736 1150 3810 Verum,
1172 3740 1214 3798 uti
1236 3742 1364 3819 videtur,

263 3830 379 3897 tempus
389 3816 462 3876 illud
474 3826 561 3894 atque
575 3818 626 3878 ssle
639 3820 703 3880 dies
723 3840 784 3882 non
797 3823 891 3887 virum
904 3822 933 3882 in
948 3842 1039 3904 remp.
1052 3828 1227 3889 benevolum
1245 3844 1277 3892 et
1289 3835 1365 3895 divi-

202 3910 208 3924 ‘
264 3922 326 3973 tern
339 3902 458 3972 'tautum
470 3908 644 3988 requirebat,
659 3914 713 3972 sed
734 3932 802 3975 eum
814 3916 864 3993 qui
878 3936 923 3976 res
937 3918 974 3977 ab
988 3918 1068 3980 initio
1087 3932 1249 3985 mseotatus
1263 3928 1366 3989 obser-

264 4014 356 4077 varat,
370 4012 402 4063 et
412 4011 493 4062 reete
508 4010 729 4081 comparaverat
741 4024 828 4084 quam
842 4006 880 4067 ob
892 4026 1009 4069 causam
1021 4009 1087 4071 hoee
1100 4026 1200 4093 ageret
1210 4016 1366 4100 Philippus

265 4096 376 4176 etquid
391 4104 558 4177 spectarpt:
579 4113 647 4153 nasu
661 4096 710 4174 qui
725 4096 790 4157 heo
802 4100 927 4159 nesciret
938 4094 1033 4180 neque
1046 4124 1082 4164 ea
1099 4106 1255 4187 diligenter
1266 4114 1367 4176 multo

265 4192 334 4248 ante
343 4189 544 4267 investigaret,
559 4189 743 4266 quantumvis
756 4191 913 4251 benevolus
927 4198 1111 4271 quantumuis
1126 4213 1206 4262 esset
1218 4204 1365 4286 locuples,

265 4280 355 4359 nihilo
367 4282 461 4361 magis
477 4291 574 4341 tamen
588 4278 658 4360 quid
672 4282 837 4343 faciendum
851 4294 930 4344 esset
943 4286 1069 4349 sciturus
1083 4305 1148 4353 erat
1162 4305 1277 4357 autres
1290 4318 1365 4361 con-

264 4372 327 4449 silio
341 4371 503 4452 adjuturus.
934 4426 936 4433 .

306 4468 356 4525 54.
377 4464 408 4524 ls
420 4465 508 4544 igitur
519 4466 570 4526 ulo
583 4466 632 4525 die
644 4478 761 4529 exortus
775 4488 830 4547 ego
848 4489 922 4541 sum,
936 4481 967 4532 et
979 4491 1152 4553 progressus
1165 4480 1245 4559 apud
1259 4502 1310 4543 vos
1325 4504 1365 4547 ea
