2934 5000
359 313 533 376 conver
553 313 900 416 aarsrocmunsu
924 318 947 380 1.
1139 294 1197 378 ιιι

104 475 201 526 autem
220 467 341 542 civibus,
361 484 395 533 ut
414 470 601 535 maledictum
614 474 653 534 ad
675 471 969 556 qnam‘paucissimos
983 475 1136 556 pertineat,
1152 435 1197 538 di-

105 556 259 636 scipulum,
272 573 323 621 aut
336 563 360 620 si
373 565 472 637 vultis,
492 566 643 626 doctorem
664 567 738 646 ejus,
753 565 950 627 Philocratem
968 567 1148 629 Eleusiniam
1162 570 1198 628 il·

102 646 175 719 lum,
187 651 281 712 solum
295 655 383 715 talem
397 677 461 718 esse
471 668 575 718 statuo.
597 658 748 736 Nonquia
763 659 861 738 plures
875 660 1097 734 sint—utinam
1117 664 1196 722 enim
1317 650 1320 658 Α

101 757 189 800 nemo
209 743 284 803 alius
299 746 500 827 Aristogitone
514 748 759 821 delectaretur-,
776 749 829 808 sed
843 751 912 828 quia
933 750 962 809 in
986 769 1032 824 eo,
1051 752 1141 830 quod,
1164 749 1198 812 ut'

100 831 185 908 vobis
199 837 452 911 contumeliosum,
463 840 560 903 dicere
569 858 681 910 vereor,
694 860 791 919 neque
802 841 875 901 alios
888 863 907 902 a
916 859 963 902 me
973 842 1052 902 cives
1065 845 1198 906 accumri

102 923 222 1000 publica
238 927 334 988 decet.
359 929 476 989 Deinde
490 926 567 988 idem
581 930 689 991 afficiet
701 931 788 990 etiam
809 932 838 990 in
854 933 953 992 unum'
965 934 1077 994 directa
1097 934 1198 996 oratio.

101 1015 148 1074 Ac
161 1017 242 1093 quali
254 1037 321 1079 eum
331 1034 401 1082 'esse
416 1021 569 1101 proeditum
584 1022 703 1101 ingenio
722 1041 845 1082 necesse
867 1025 915 1094 sit,
936 1025 984 1102 qui
998 1026 1198 1106 Aristogitone

102 1107 242 1183 gaudeat,
260 1111 396 1172 subtilius
409 1114 554 1192 inquirere
567 1114 711 1185 omittam,
729 1133 768 1173 ne
783 1113 880 1173 multis
894 1115 937 1174 uti
951 1117 1112 1178 maledictis
1129 1117 1198 1178 milri

102 1200 143 1259 sit
154 1218 292 1263 necesse:
314 1205 386 1264 illud
399 1217 496 1265 autem
509 1205 586 1278 dico,
608 1206 633 1265 si
646 1206 794 1284 improbus
807 1216 853 1265 eat
864 1206 1036 1286 Aristogito,
1051 1209 1113 1270 sice
1126 1229 1198 1270 con·

101 1293 252 1365 mevania,
265 1305 297 1355 et
310 1298 443 1370 acerbus,
460 1307 492 1357 et
508 1297 713 1368 calumniator,
733 1295 843 1356 attalia
856 1297 972 1376 qualern
987 1317 1020 1359 se
1037 1317 1099 1360 esse
1112 1301 1198 1380 polli-

101 1393 195 1457 cetur,
215 1384 332 1465 largior,
344 1389 478 1450 concedo
492 1389 555 1462 tibi,
568 1389 761 1460 Philocrates,
777 1387 843 1448 talis
858 1409 924 1448 cum
939 1388 991 1462 sis,
1012 1391 1056 1452 tui
1076 1391 1198 1452 similem

101 1483 138 1533 ut
150 1475 308 1546 delendaar
323 1500 391 1540 nam
403 1499 427 1541 ιι
419 1480 580 1560 reliqui
556 1499 759 1550 crvesomnes,
772 1479 856 1541 etita
869 1491 939 1540 sunt
944 1479 1056 1554 affecti,
1066 1492 1100 1544 ut
1113 1503 1198 1564 opor·

102 1573 156 1634 tet,
179 1579 216 1628 et
234 1567 315 1648 leges
337 1573 505 1644 observant,
526 1572 598 1631 nihil
627 1571 706 1631 istud
729 1570 897 1660 reipublicae
917 1573 1199 1635 incommodatumm

103 1657 244 1719 arbitror.
268 1662 314 1720 sin
334 1681 429 1742 caupo
451 1673 499 1723 est
518 1663 721 1769 improbitatis,
742 1670 773 1722 ιι
791 1667 898 1741 mango
923 1663 1146 1739 sordidissimus,
1168 1677 1199 1726 ιι

102 1750 233 1826 propola,
245 1763 275 1810 et
287 1771 325 1812 ea
337 1772 404 1831 qum
417 1773 547 1832 unquam
560 1754 632 1834 egit,
644 1763 757 1813 tantum
776 1772 835 1812 non
856 1764 967 1816 statera
980 1766 1011 1814 et
1022 1756 1199 1862 ponderibus

103 1840 241 1902 adhibitis
251 1845 393 1917 vendidit,
411 1845 502 1924 quid'
494 1856 621 1919 ustum,o
634 1847 742 1923 inepte,
756 1844 856 1904 acuis?
879 1845 1012 1925 Neque
996 1846 1073 1906 enim
1086 1849 1200 1909 meher-

103 1932 172 1997 culo
187 1955 261 1994 coco
280 1936 361 1996 ullus
381 1957 454 1998 usus
474 1946 521 1996 est
540 1937 626 1998 cultri
648 1937 771 2008 hebetis,
796 1957 892 2016 neque
912 1938 939 1998 ci
953 1939 1004 2018 qui
1022 1959 1074 2020 per
1092 1959 1125 2002 se
1138 1942 1201 2002 vult

104 2025 348 2101 negotialaaessi,
357 2038 389 2087 et
396 2028 475 2089 mala
483 2027 548 2088 dari
558 2030 703 2100 omnihus,
711 2029 904 2091 calumniator
914 2030 1200 2104 venditurusomnia,

104 2116 262 2193 quicquam
270 2118 400 2196 prodest
432 2119 537 2178 Talem
547 2130 721 2179 autamesse
735 2119 823 2179 istum
837 2121 939 2180 scienh
947 2119 999 2180 tibi
1007 2121 1114 2183 dicam
1134 2123 1200 2184 Me·

106 2206 216 2268 miniati
233 2219 268 2266 ut
280 2209 484 2288 Hegemonem
497 2208 580 2270 laesm
601 2209 763 2288 majestatis
776 2229 857 2268 raum
869 2210 981 2282 iecerit.
1003 2211 1044 2273 Ut
1057 2215 1095 2272 ab
1113 2233 1200 2276 acau-

22 2355 29 2366 ,
105 2298 201 2358 raudo
215 2299 348 2360 Demade
360 2301 648 2379 acceptapecunia
629 2300 783 2362 destiterit.
806 2299 850 2362 Ut
862 2300 1046 2380 rigationem
1060 2303 1200 2366 olearium

105 2373 226 2452 misturis
238 2391 349 2450 lecerit.
378 2393 455 2451 Cum
468 2391 546 2452 enim
559 2376 672 2452 dudum
686 2391 849 2452 clamitaret
862 2401 893 2452 et
901 2393 1107 2454 vociferaretur
1107 2397 1201 2501 ,proh

106 2480 206 2543 divum
226 2493 316 2562 atque
332 2482 481 2543 hominurn
495 2483 593 2556 fidem,
614 2494 643 2545 et
656 2503 710 2563 pro
723 2481 866 2545 concione
880 2481 987 2543 coelum
1001 2494 1084 2545 tense
1099 2486 1202 2547 misce·
1298 2487 1299 2492 ’

104 2585 163 2648 ιιι,
176 2577 353 2655 quaestiones
365 2576 518 2638 habendas
539 2578 712 2652 clamitaret,
732 2572 856 2656 accepta
868 2596 1042 2657 quacunque
1059 2581 1203 2655 mercede,

106 2687 274 2747 quanquam
297 2688 436 2747 praesens,
458 2688 523 2730 cum
550 2669 576 2728 is
599 2669 806 2738 absolveretur,
830 2668 983 2729 obmutuit.
1004 2668 1038 2729 ln
1059 2689 1202 2733 accusan-

106 2760 148 2819 do
168 2759 309 2820 Damocle
328 2760 536 2840 perduellionis
556 2778 616 2832 reo,
635 2759 852 2821 accusationem
867 2772 925 2838 qno¹
937 2760 1060 2841 rejecit?
1073 2761 1148 2822 'Alia
1157 2764 1203 2822 in·

106 2851 191 2911 flnita
209 2862 288 2931 sunt,
311 2871 434 2929 quorum
456 2851 534 2909 mihi
546 2850 710 2911 meminisse
731 2850 860 2911 omnium
882 2848 1058 2911 laboriosum
1078 2861 1143 2912 est:
1173 2846 1203 2915 te

107 2953 205 3001 autem
216 2944 304 3002 etiam
318 2944 452 3023 exempla
462 2943 575 3004 illarum
591 2942 739 3003 actionum
752 2942 860 3025 habero
880 2942 952 3014 scio,
967 2962 1017 3021 qur
1009 2942 1073 3005 illi
1085 2952 1204 3052 propter

106 3036 216 3115 prada
230 3037 398 3097 societatem
412 3040 588 3099 subservias.

150 3128 200 3185 ll.
208 3127 295 3195 Quis
314 3127 402 3205 igitur
413 3138 469 3199 est,
476 3148 529 3207 qur
521 3128 630 3187 talem
644 3126 763 3188 tuetur?
783 3130 890 3199 ιιοιιιι,
904 3146 941 3187 an
952 3074 1069 3189 malasi
1089 3128 1202 3191 Malus.

109 3218 332 3284 Quamobrem?
354 3218 431 3277 Nam
445 3229 477 3277 et
489 3219 536 3279 eni
555 3218 691 3277 similium
705 3216 901 3295 estprodito'r,
912 3228 943 3277 et
955 3218 1097 3278 bonorum
1112 3220 1205 3283 hostis

108 3322 214 3369 natura
227 3320 258 3368 et
271 3328 398 3388 genera
391 3356 398 3368 .
419 3309 475 3368 nisi
485 3308 551 3388 quis
559 3306 776 3368 calumniatoris
789 3316 819 3366 et
831 3306 956 3366 hominis
971 3308 1093 3388 improbi
1103 3322 1205 3370 acmen

107 3413 142 3461 et
153 3402 292 3473 radicem,
309 3411 344 3462 ut
355 3400 493 3479 agricola,
507 3398 699 3478 relinquenda
712 3417 779 3460 esse
792 3407 894 3458 censet
906 3398 1018 3477 reipub.
1043 3399 1132 3467 Quod
1145 3420 1205 3463 nou
1331 3424 1335 3433 ’

107 3504 158 3554 est
176 3492 340 3571 honesturn,
364 3491 689 3569 Athenienses,.atque,
710 3492 751 3549 ita
767 3510 814 3550 me
834 3489 874 3548 dii
890 3502 1000 3575 ament,
1014 3492 1097 3551 nefas
1117 3494 1216 3579 etiam

110 3604 174 3645 assa
184 3584 327 3645 ιιίιιιιιιο.
342 3583 447 3662 Neque
455 3583 531 3643 enim
540 3583 666 3664 majores
676 3582 759 3641 vobis
771 3581 827 3641 ¹has
840 3580 936 3641 curias
949 3581 1112 3645 aedificasse
1125 3595 1207 3665 puto,

111 3687 146 3736 ut
157 3676 238 3735 istud
253 3676 403 3737 hominum
423 3694 517 3755 genus
532 3676 562 3734 in
573 3678 627 3735 'eia
649 3686 788 3753 tanquam
805 3674 975 3735 viviradices
998 3679 1208 3757 propagarent,

111 3767 167 3829 sed
180 3778 292 3841 canna,
306 3778 339 3826 ut
351 3768 533 3836 coerceretis,
549 3777 580 3825 et
591 3766 742 3845 puniretis,
753 3784 847 3843 neque
861 3764 1014 3844 quisquam
1024 3769 1208 3828 oemularetar

28 3893 30 3896 ·
110 3870 166 3920 aut
177 3866 338 3939 appeteret
349 3859 576 3939 improbitatem
595 3858 723 3917 Omnino
738 3856 878 3917 autemid
892 3867 939 3917 est
958 3857 1149 3935 improbitatis
1163 3858 1208 3917 in·
1289 3860 1291 3868 '

111 3952 241 4032 genium,
262 3962 297 4010 ut
311 3950 374 4011 sine
391 3950 505 4030 magnis
522 3948 639 4029 reprimi
658 3946 880 4008 difficultalibus
893 3948 974 4008 haud
987 3948 1090 4026 possit.
1131 3950 1208 4009 Cum

111 4044 190 4105 enim
204 4042 364 4121 Aristbgito
376 4044 407 4102 iu
420 4042 581 4103 manifestis
593 4040 705 4118 injuriis
717 4050 884 4111 accusetur,
897 4048 928 4099 et
936 4058 996 4097 nen
1006 4037 1075 4097 olim
1084 4038 1210 4123 perierit,
1222 4090 1233 4097 .

112 4136 185 4215 quid
196 4134 366 4196 iaciendum
380 4144 437 4206 est,
450 4144 504 4194 aut
518 4130 696 4193 dicendum?
736 4132 794 4198 Qui
807 4148 843 4191 eo
856 4128 937 4191 veuit
956 4128 1158 4207 improbitatis,
1176 4142 1211 4192 ut

108 4230 174 4309 jam
187 4238 357 4297 accusatus,
370 4226 530 4297 clamitare,
542 4223 726 4296 calumniari,
739 4220 864 4282 minitari
878 4238 938 4279 non
948 4218 1116 4280 desisteret.
1138 4221 1211 4290 Qui-

114 4322 170 4380 bus
183 4319 259 4389 enim
274 4338 328 4377 vos
342 4337 390 4377 res
404 4317 548 4400 maximas
560 4316 726 4376 credebatis
738 4313 874 4384 ducibus,
885 4310 954 4389 quia
965 4320 1099 4371 nummos
1113 4314 1139 4375 ei
1157 4334 1209 4393 po·
1286 4328 1289 4331 ·

114 4410 233 4473 stulanti
254 4429 321 4469 nun·
333 4409 458 4481 dabant,
478 4409 522 4469 ais
544 4428 600 4468 nec
617 4407 720 4465 fimeta
738 4402 949 4483 committenda
961 4416 1028 4465 osse
1040 4400 1194 4499 diptitnbat

601 4532 609 4542 ·
666 4499 684 4555 3
707 4516 725 4556 ιι
