2934 5000
490 316 731 388 PHILIPPICA
754 317 811 388 lv.
1142 322 1202 386 1OE

99 473 157 540 ὼε
177 481 210 536 et
225 471 370 548 tortessis,
383 472 586 549 Athenienses,
605 473 750 550 iortessis,
769 483 805 536 ut
826 490 880 536 vos
896 491 976 536 nunc
1000 473 1201 548 sciscitamini,

102 565 173 648 quid
189 566 250 648 egit
273 567 435 648 Philippus,
457 577 488 630 et
505 587 565 647 qno
577 566 789 647 proscissione
811 567 853 628 sic
876 575 914 646 ‘l
928 566 978 626 ille
990 567 1122 628 solicitus
1134 565 1203 641 erit,

5 709 6 746 ,
100 681 159 740 quo
168 671 276 722 nostre
290 663 369 722 urbis
388 661 481 741 copie
501 681 533 722 se
545 662 731 734 contulerint,
749 681 809 741 quo
820 670 967 740 eruptores
977 661 1045 721 sint.

5 823 6 830 ἵ
145 756 173 814 7.
195 754 282 818 Quod
294 754 318 814 si
330 753 378 814 cui
392 755 524 816 sidentur
531 755 598 816 boee
605 765 636 814 et
645 754 745 834 megni
753 763 898 833 sumptus,
907 765 939 814 et
946 753 1054 815 lebonis
1064 753 1204 832 ingentis,

5 855 6 860 ’
104 854 135 907 et
147 845 347 925 occupationis
357 865 433 918 esse,
446 845 565 906 omnino
577 857 655 910 recte
665 846 819 908 videntur:
840 845 893 906 sed
906 845 932 906 si
944 843 1022 905 idem
1039 863 1143 906 seonns
1155 861 1204 904 re·

103 947 275 1018 putetque.
289 938 399 1018 reipub.
410 948 479 1018 post
492 938 713 1012 eventurusint,
722 939 855 1000 nisi-bec
867 940 964 1000 iecere
976 937 1108 1010 soluerit,
1121 938 1204 997 inse·

102 1031 165 1092 niet
175 1033 311 1112 expedire
321 1042 356 1094 ut
368 1033 495 1094 officium
509 1033 586 1094 ultro
594 1033 745 1094 lenientes.
785 1033 863 1094 Nem
873 1034 899 1094 si
908 1033 974 1112 quis
980 1033 1203 1112 deornmspon-

102 1141 153 1183 sor
165 1124 250 1184 nobis
263 1124 449 1204 sit-neque
458 1126 535 1186 enim
550 1123 714 1184 monalium
725 1125 777 1186 ulli
789 1125 918 1186 tenude
925 1125 1037 1186 solides
1046 1124 1147 1186 heberi
1155 1133 1204 1186 tu·

102 1227 135 1278 to
149 1227 299 1296 posset-,
313 1238 390 1290 eum,
405 1219 430 1279 si
440 1237 494 1278 vos
504 1219 596 1277 otium
608 1217 717 1294 egetis,
727 1226 759 1277 et
769 1217 924 1297 negligetis
936 1217 1045 1288 omnio,
1062 1236 1122 1276 non
1135 1227 1204 1276 tnn-
1279 1291 1283 1298 ¹

103 1308 174 1370 dem
188 1309 219 1372 in
231 1329 285 1371 vos
298 1311 377 1390 ipsos
396 1311 577 1380 invasurum,
594 1316 680 1387 turpe
693 1308 824 1387 quidem,
836 1309 953 1389 Jupiter
965 1310 1064 1388 diique
1083 1314 1205 1372 omnesl

99 1399 201 1476 inerit,
215 1411 303 1482 etque
323 1403 476 1481 indignum
497 1401 590 1474 vobis,
604 1409 636 1462 et
658 1402 796 1482 presenti
810 1401 955 1479 digmtete
970 1401 1043 1480 reip.
1065 1410 1096 1461 et
1113 1402 1203 1460 rebus

101 1493 199 1572 gestis
212 1491 365 1574 majorum,
378 1496 416 1554 ob
428 1495 575 1574 privatum
587 1503 717 1554 restrum
731 1493 824 1552 otium
836 1492 961 1570 reliquos
969 1492 1091 1552 Grecos
1101 1511 1207 1554 ornnes

101 1585 233 1662 objicere
254 1586 394 1647 servituti.
435 1587 481 1646 Ac
504 1605 561 1665 ego
577 1585 696 1664 quidem
714 1585 778 1662 ipse
800 1595 925 1644 mortem
945 1593 1083 1664 oppetere
1095 1583 1207 1658 meliro,

103 1695 197 1756 quern
210 1677 281 1738 telis
295 1678 429 1743 sundere.
470 1677 578 1737 Verum
592 1678 617 1738 si
630 1676 696 1756 quis
710 1675 784 1758 elius
793 1676 824 1734 id
837 1675 918 1749 dicit,
931 1677 1071 1756 vobisque
1084 1695 1206 1755 persus·

5 1827 6 1832 ,
104 1768 170 1839 det,
179 1778 262 1839 estes
282 1789 321 1830 ne
334 1769 483 1830 defendite
495 1788 560 1842 sos,
574 1769 689 1848 abjicite
704 1769 819 1828 omnis:
840 1768 887 1828 sin
901 1767 958 1828 boc
967 1768 1075 1828 nemini
1087 1768 1207 1830 consol·

103 1869 169 1922 tum
182 1861 307 1935 videtur,
320 1872 480 1940 contraque
493 1862 665 1942 pressimus
678 1881 790 1935 omnes,
808 1881 870 1941 quo
886 1862 1020 1942 pluribus
1036 1882 1105 1922 eum
1117 1862 1207 1942 potiri

104 1955 248 2028 sinemus,
260 1973 297 2015 eo
318 1974 373 2016 nos
393 1956 533 2016 seriorem
553 1953 636 2014 illum
656 1964 686 2014 et
706 1954 901 2033 potentiorem
920 1955 1033 2016 bostem
1046 1955 1209 2017 bebitoros.

104 2047 187 2112 Quid
202 2046 442 2123 subterfugimus,
456 2057 508 2105 ent
521 2048 593 2124 qnid
602 2056 784 2120 cunctemur,
797 2057 850 2106 eut
858 2047 989 2126 quondo,
999 2048 1209 2124 Athenienses,

104 2139 205 2200 officio
217 2137 303 2217 fungi
316 2137 466 2196 volemus?
488 2137 564 2195 Cum
578 2157 630 2216 per
638 2139 742 2198 Jorens
755 2138 918 2199 necessitss
930 2141 1029 2218 eliqne
1040 2141 1143 2200 fueriti
1166 2143 1209 2202 At

105 2250 177 2310 qum
188 2229 344 2290 liberorum
358 2228 508 2289 bominum
522 2229 683 2289 necessitas
696 2229 755 2288 dici
765 2241 863 2308 quest,
874 2249 935 2290 non
942 2231 1031 2290 modo
1039 2235 1102 2306 jem
1111 2232 1209 2305 edest,

104 2323 162 2385 sed
171 2322 348 2402 jempridenr
358 2321 446 2381 etiem
459 2339 491 2380 se
501 2321 623 2403 obtulit:
639 2322 748 2382 servilis
758 2322 917 2382 entemille
925 2342 964 2382 ne
971 2323 1097 2401 ingruet,
1108 2325 1212 2402 ntique
1279 2371 1283 2378 .

105 2425 153 2476 est
164 2415 337 2494 optendunt.
378 2413 459 2483 Quid
472 2405 543 2473 vero
551 2413 688 2474 intercuti
708 2415 798 2480 Quod
808 2415 919 2474 bomini
929 2415 1021 2474 libero
1030 2417 1156 2476 menime
1164 2426 1211 2476 eet

105 2509 279 2582 neeusites,
298 2526 394 2568 rernm
417 2518 566 2587 gesturum
588 2507 740 2577 dedecus;
761 2527 856 2587 eoque
876 2510 972 2586 mejos
988 2508 1068 2568 bend
1088 2509 1150 2569 seio
1169 2528 1211 2571 en

106 2601 238 2661 ellesit:
259 2612 344 2661 servo
366 2610 475 2672 eutem,
489 2600 586 2680 pleges
608 2608 640 2660 et
662 2599 794 2679 corporis
808 2601 974 2670 crucietus3
995 2601 1075 2679 quod
1086 2602 1166 2663 obsit
1176 2611 1213 2663 ut

108 2692 171 2766 fiet,
181 2702 214 2753 et
225 2693 305 2754 dictu
315 2692 467 2771 indignum
482 2702 538 2753 est.
1165 2741 1174 2756 .

151 2788 181 2846 8.
201 2787 247 2847 Ac
263 2786 336 2846 illud
352 2786 481 2866 quidem,
497 2784 703 2857 Athenienses,
722 2785 762 2845 ed
784 2806 822 2846 ee
839 2804 904 2846 esse
926 2804 1033 2865 segnes
1055 2796 1085 2845 et
1097 2787 1210 2858 turdos,

49 2918 54 2929 ·
110 2898 179 2959 quse
197 2879 367 2959 corporibus
379 2888 410 2939 et
421 2879 610 2939 ieonltetibus
623 2878 789 2958 prestando
802 2878 971 2957 reipublice
984 2877 1103 2937 suntab
1116 2880 1213 2939 omni·

109 2974 180 3045 bus,
192 2991 251 3031 non
261 2981 308 3031 est
317 2970 567 3050 comprobandum
582 2990 664 3041 sene,
679 2972 751 3048 quin
760 2971 884 3031 multum
898 2971 999 3030 obest:
1019 2981 1213 3032 veruntamen

111 3063 310 3126 excusetionis
323 3062 432 3141 sliquid
446 3063 545 3124 hebet.
585 3063 643 3123 sed
658 3082 714 3123 nec
727 3081 775 3135 ee,
788 3082 856 3141 quse
872 3062 1021 3121 endiende
1035 3073 1115 3135 sunt,
1128 3084 1212 3143 quse·

109 3176 171 3236 que
193 3156 225 3214 in
238 3153 476 3214 deliberationem
489 3154 586 3215 venire
603 3154 722 3228 debent,
735 3154 837 3215 endire
851 3155 938 3227 velle,
951 3154 983 3213 id
1002 3173 1072 3215 sero
1084 3167 1212 3216 meretur

109 3266 230 3309 omnem
239 3242 501 3324 reprehensionem.
541 3248 603 3305 Vos
615 3247 705 3325 igitur
716 3267 772 3307 nec
785 3248 885 3307 audire
897 3248 1068 3325 prinsqnem
1082 3267 1128 3307 res
1137 3248 1212 3327 ipses

110 3342 215 3404 ndsint
227 3349 260 3399 ut
269 3358 359 3409 nunc,
368 3358 423 3398 nec
435 3338 496 3399 ulle
508 3338 545 3398 de
559 3358 591 3398 re
604 3338 764 3403 deliberere
777 3335 877 3399 soletis
890 3360 943 3419 per
952 3340 1058 3400 ouum:
1079 3340 1132 3400 sed
1143 3359 1212 3401 eun

114 3434 166 3495 ilie
180 3441 285 3493 contre
296 3450 349 3490 vos
363 3448 444 3490 esme
457 3428 585 3509 expedit,
599 3430 676 3489 idem
695 3450 783 3510 egere
796 3441 827 3490 et
842 3441 946 3491 contre
957 3431 1063 3491 instrui
1075 3431 1214 3492 omitten·

112 3537 171 3598 tes,
184 3523 345 3592 desidetis:
366 3533 396 3583 et
409 3520 432 3581 si
446 3522 512 3600 quis
526 3520 635 3600 eliqoid
647 3520 706 3581 tsle
720 3521 831 3593 disent,
843 3522 953 3597 eiicitie
984 3522 1146 3603 Postquam
1157 3544 1211 3585 eo·

113 3628 173 3678 tem
183 3616 304 3697 periisse
317 3626 369 3675 eut
378 3614 506 3675 obsideri
525 3612 632 3692 aliquid
646 3613 841 3688 intellexistis,
853 3624 916 3674 tum
928 3614 1046 3675 demum
1062 3617 1171 3677 euditis
1180 3628 1213 3679 et

113 3709 299 3773 instruimini.
342 3708 411 3767 Fuit
431 3717 528 3777 entem
549 3706 687 3768 audiendi
705 3718 824 3786 tempos
839 3719 871 3767 et
883 3709 1056 3769 consulendi
1068 3719 1130 3769 turn
1143 3718 1215 3769 cum

115 3824 169 3865 vos
184 3798 337 3863 noluistis:
358 3802 399 3861 sei
414 3812 512 3861 eutem
523 3800 659 3879 gerendee
674 3811 703 3859 et
719 3812 877 3879 apperetus
890 3802 1049 3863 adhibendi
1057 3822 1136 3862 nnnc
1144 3822 1227 3861 cum·

116 3897 232 3959 euditis.
275 3896 377 3973 ltaque
391 3912 427 3954 ex
437 3896 493 3953 iste
502 3886 787 3965 consuetudine‚soli
796 3896 959 3956 mortalium
973 3896 1103 3958 omnium
1112 3905 1217 3955 contre

118 4008 206 4070 qoem
220 3988 269 4048 elii
282 3987 377 4047 solent
383 3986 544 4047 secunus:
565 4006 633 4046 nem
641 4006 744 4047 ornnes
755 3986 804 4046 elii
814 3987 947 4048 homines
956 3998 1025 4048 ente
1033 3985 1152 4064 negotie
1160 3986 1214 4046 de·

115 4083 239 4143 liberere
248 4080 343 4139 solent
351 4100 359 4147 ;
374 4098 437 4149 vos,
446 4088 513 4157 post
523 4080 649 4157 negotio.
692 4080 780 4147 Quod
790 4080 878 4159 igitur
887 4079 1094 4157 estreliqunsn,
1105 4076 1219 4147 etolim

117 4176 227 4251 lectum
240 4173 378 4251 oportuit,
393 4172 446 4231 sed
459 4190 557 4252 neque
569 4190 648 4232 nuno
661 4190 757 4231 serum
770 4184 825 4243 est,
840 4173 871 4252 id
884 4171 992 4231 dicem.

157 4271 188 4328 9.
210 4265 290 4331 Nihil
298 4265 425 4324 omnium
435 4284 530 4324 rerum
544 4264 583 4324 ed
591 4284 626 4323 ee
636 4266 755 4343 negotiu
767 4284 834 4343 ques
843 4264 957 4323 instent
968 4261 1137 4341 reipublioae
1146 4282 1215 4343 per-

118 4360 188 4423 inde
201 4370 249 4420 est
258 4377 342 4439 opus,
356 4367 389 4416 ut
403 4358 538 4436 pecunie.
579 4356 665 4415 Ultro
680 4368 777 4416 eutem
786 4356 912 4415 felicites
922 4354 1059 4433 quedem
1070 4356 1156 4417 nobis
1169 4359 1216 4419 ot*-

117 4453 219 4528 rum,
228 4450 320 4531 qussi
329 4458 410 4513 secte
418 4460 544 4521 numus,
557 4448 690 4511 tormen
703 4448 792 4511 suen
801 4466 881 4511 onoc
894 4446 1006 4528 sliqnid
1023 4448 1096 4512 utils
1108 4449 1215 4527 confici
