2934 5000
476 316 646 377 CONTRA
671 316 843 379 mmmm.
1153 322 1207 379 331

114 486 173 545 que
187 485 280 539 suam,
295 476 327 527 et
337 466 468 529 ordinem
481 466 635 548 plebeium.
670 471 740 543 Qut,
752 473 777 531 si
795 472 912 551 legibus
924 471 1112 550 contemptis,
1125 470 1210 550 qain-

115 558 255 636 qusginta
268 558 414 619 dmchmis
428 561 466 620 ab
478 561 535 621 isto
548 564 690 641 acceptis,
704 564 917 625 damnatoriam
928 566 1102 624 sententiam
1114 565 1143 623 in
1157 568 1210 626 sb·

113 649 279 710 solutoriam
296 660 452 720 mutasset,
462 651 698 729 jambonoribus
710 656 890 732 fungeretur,
905 664 945 726 et,
964 656 1028 714 sine
1041 655 1104 713 ullo
1120 656 1209 727 malo,

112 760 197 817 aequo
207 741 274 819 jure
290 761 357 801 cum
372 742 489 820 reliquis
502 742 612 803 civibus
627 744 781 805 frueretur.
802 746 862 807 Sed
876 747 946 825 qaia
961 745 1104 824 justitiam
1118 747 1210 823 pluris

110 831 180 890 fecit
197 852 286 909 quem
302 833 442 915 illidium,¹
458 843 488 892 et
506 822 586 911 leges
600 836 693 913 magis
715 837 820 908 timuit,
837 856 926 915 quam
942 837 1025 897 istius
1046 837 1149 907 minas,
1169 840 1208 897 ob

112 920 175 982 berc
197 923 227 981 ιιι
242 932 354 983 tantam
369 935 400 984 et
420 924 508 983 talem
523 925 719 987 calamitatem
733 929 849 988 ab'isto
865 939 912 988 est
923 926 1027 1007 injuria
1048 929 1208 1006 conjectus.

111 1012 173 1073 Vos
191 1014 279 1090 igitur
291 1014 438 1075 hominem
459 1016 500 1074 ιιι
512 1016 672 1086 crudelem,
689 1018 729 1077 ita
742 1018 942 1089 inhnmanum,
963 1028 1077 1078 tantum
1095 1019 1207 1097 suppli·

110 1102 187 1163 οιιιιιι
205 1124 261 1182 pro
274 1104 320 1164 his
334 1106 508 1184 exigentem,
522 1106 551 1163 ιιι
565 1106 669 1183 quibus
689 1107 821 1185 iujuriam
841 1108 896 1165 sibi
918 1126 985 1165 esse
1004 1108 1111 1167 iactam
1132 1109 1209 1167 dun-

109 1196 382 1267 taxatdicit,-nec
404 1198 480 1256 enim
505 1198 583 1257 lacta
602 1198 644 1255 illi
666 1198 720 1255 fuit
740 1198 894 1275 injuria-‚
913 1197 1002 1268 hunc,
1025 1199 1152 1276 iuquam,
1176 1200 1208 1258 in

10 1308 17 1315 ·
108 1286 215 1345 cisium
229 1287 355 1364 aliquem
368 1288 578 1349 contumeliose
591 1288 688 1365 palam
702 1288 903 1358 insultantem,
917 1288 1086 1357 absolvatis,
1101 1291 1206 1369 etqui,

110 1397 208 1455 neque
221 1379 297 1449 festi,
312 1398 406 1455 neque
420 1399 581 1450 sacrorum,
594 1398 689 1457 neque
703 1379 788 1459 legis,
802 1399 859 1439 nec
871 1380 991 1439 alterius
1005 1400 1047 1439 res
1038 1380 1151 1446 ullius
1162 1398 1208 1443 ra-

112 1468 222 1527 tionem
236 1468 335 1539 habet,
350 1488 408 1529 non
430 1470 682 1529 condemnabitis?
705 1470 802 1531 Non'
795 1492 825 1529 ru
840 1490 876 1530 eo
894 1472 1060 1547 exemplum
1074 1471 1137 1531 eliis
1150 1482 1211 1534 ata·

112 1558 222 1618 tuetisi
244 1558 358 1638 Ecquid
373 1561 487 1633 dicetis,
506 1559 645 1639 judices?
665 1580 764 1640 quarn,
777 1564 901 1621 obsecro
913 1580 976 1631 sos,
991 1580 1105 1638 requam
1118 1580 1209 1621 excu-

112 1652 255 1713 sationem
274 1653 402 1713 habituri
422 1654 504 1722 estis,
528 1661 579 1711 eut
597 1652 771 1713 honestam?
788 1652 874 1713 Eam
897 1653 1019 1722 scilicet,
1038 1670 1119 1713 esse
1124 1662 1209 1729 petu-

111 1740 221 1803 lantem
233 1756 263 1803 et
277 1744 459 1823 improbum?
482 1740 558 1803 Nam
575 1744 641 1805 haec
656 1754 734 1805 certe
749 1764 817 1805 vera
840 1754 926 1803 sunt:
947 1744 1000 1803 sed
1021 1742 1088 1803 odio
1110 1762 1210 1821 prose·

12 1828 16 1837 ’
112 1833 231 1913 quendi,
246 1836 370 1914 judices,
385 1836 468 1895 vobis
482 1846 552 1895 sunt
565 1836 661 1913 potius
677 1836 764 1912 tales,
775 1855 865 1913 quam
879 1835 1027 1895 servandi.
1047 1835 1210 1913 Numquis

112 1925 194 1987 dives
207 1926 221 1985 ι
241 1929 281 1985 At
293 1927 373 1990 banc
385 1927 445 1987 fere
458 1946 576 1987 causam
590 1946 656 1987 esse
668 1927 839 2006 injuriarum
853 1928 916 2007 ejus
937 1939 968 1988 et
979 1926 1150 2006 petulantie
1162 1947 1208 1988 re·

111 2018 237 2095 perietis.
260 2020 358 2085 Quare
372 2020 487 2077 occasio
499 2018 563 2079 hec
577 2018 753 2091 etiacultas,
766 2029 984 2097 propterquam
997 2020 1039 2079 ita
1057 2018 1210 2079 insolescit

111 2118 144 2166 at
154 2118 313 2185 grassatur,
323 2108 466 2170 adimatur
479 2110 506 2167 ei
520 2108 628 2185 po'tius,
638 2126 725 2186 quam
739 2118 858 2186 propter
871 2110 997 2169 eaodem
1011 2118 1208 2169 conservetur.
1279 2130 1290 2145 ·

113 2198 258 2276 Magnam
269 2199 346 2257 enirn
357 2199 510 2275 pecumam
524 2198 553 2255 in
568 2199 692 2257 bominis
707 2199 883 2258 confidentis
892 2210 922 2257 et
933 2199 1054 2277 improbi
1063 2218 1208 2259 manure·

111 2288 255 2367 linquere,
269 2288 298 2347 id
312 2298 359 2347 est
371 2306 470 2347 ensem
484 2287 526 2345 illi
540 2288 698 2365 porrigere,
712 2308 772 2367 quo
784 2288 969 2366 jugulemini.

152 2383 203 2447 28.
225 2378 302 2448 Quid
322 2388 414 2439 restat
433 2378 543 2456 igitur?
566 2379 606 2437 Ut
624 2396 676 2438 vos
698 2380 761 2458 ejus
782 2378 952 2439 miserescat
975 2381 1095 2441 scilicet.
1132 2381 1209 2441 Nam

112 2470 217 2532 filiolos
230 2470 369 2544 adducet,
382 2482 413 2536 et
423 2470 641 2540 lamentabitur,
656 2480 796 2532 eteorum
810 2473 943 2550 precibus
952 2492 984 2532 se
995 2472 1097 2535 donari
1111 2483 1208 2553 petet:

89 2606 94 2615 .
113 2563 255 2622 hocenim
265 2573 312 2623 est
325 2563 476 2642 reliquum.
505 2563 594 2642 Atqui
608 2564 700 2622 nostis
713 2563 771 2622 hoc
784 2561 923 2642 profecto,
936 2565 985 2642 qui
999 2565 1119 2642 indigne
1133 2565 1211 2626 malo
1252 2625 1256 2630 ,

115 2655 211 2732 aliquo
229 2655 444 2726 conflictantur,
459 2656 506 2716 cui
526 2653 645 2716 ferendo
659 2654 717 2714 sint
736 2655 873 2732 impares,
887 2673 986 2714 sorum
999 2655 1109 2718 moseri
1123 2655 1209 2717 misc·

114 2747 237 2806 ricerdis
260 2755 486 2826 oporterc,·non
505 2747 627 2806 istorum
647 2747 697 2824 qui
719 2746 793 2807 dant
815 2754 1047 2824 perpetratorum
1068 2745 1211 2808 scelerum

117 2857 227 2916 poenus.
249 2839 379 2920 Ecquem
399 2839 447 2898 isti
467 2838 533 2917 jure
551 2837 720 2896 movereuti
742 2839 793 2916 qui
811 2838 909 2896 rideat
925 2838 1014 2896 istum
1035 2837 1122 2914 hujus
1145 2835 1212 2898 filiis

107 2928 187 2988 nibil
204 2949 270 2988 esse
283 2941 405 3002 motum,
419 2930 470 3010 qui
484 2937 589 3007 preter
602 2928 679 2988 mala
692 2941 801 3001 cetera,
813 2928 972 2988 calamitati
985 2928 1076 3005 patris
1099 2926 1210 2986 nullam

116 3020 245 3079 adhiberi
258 3041 345 3098 posse
359 3021 529 3082 medicinam
542 3021 645 3080 sciunt.
669 3021 733 3082 Nec
751 3023 828 3080 enim
844 3021 955 3080 inflicta
968 3019 1010 3078 illi
1023 3019 1134 3079 mulcta
1153 3029 1210 3088 est,

115 3129 176 3190 qua
196 3111 339 3170 dissoluta
356 3113 508 3191 pristinam
527 3131 697 3189 recuperare
710 3113 889 3190 dignitatem
908 3112 1006 3181 liceat,
1020 3111 1074 3170 s‘ed
1086 3112 1127 3168 ita
1141 3108 1210 3168 sim·
1237 3185 1242 3194 Ι

115 3201 230 3280 pliciter
240 3201 347 3278 impetu
359 3201 515 3262 iracundia
528 3209 560 3260 et
571 3203 755 3261 contumeliae
766 3203 907 3262 Midianae
920 3214 967 3260 est
986 3201 1211 3278 ignominiane·

116 3303 206 3357 tatus.
236 3291 413 3370 Cujus'ergo
428 3293 563 3352 ferocitas
588 3293 792 3370 comprimetur
804 3305 836 3351 et
853 3293 1003 3374 frangetur
1016 3290 1149 3360 audacia,
1162 3291 1213 3365 cni

115 3385 235 3446 tandem
256 3403 337 3464 opes,
351 3395 468 3464 propter
485 3394 557 3462 qitas
577 3385 633 3444 iste
646 3383 709 3444 baec
723 3386 805 3454 facit,
825 3381 991 3461 eripientur,
1004 3380 1147 3458 siquidem
1157 3379 1213 3440 isti

115 3489 257 3556 tanquam
271 3475 442 3535 calamitoso
452 3495 505 3534 vos
518 3475 746 3536 misericordiam
756 3473 901 3533 tribuetis:
916 3473 960 3531 sin
974 3490 1084 3549 pauper
1096 3471 1212 3550 aliquis,

116 3569 226 3630 scelere
239 3567 321 3628 nullo
331 3566 508 3672 obligatus,
500 3588 531 3627 ιιι
545 3584 673 3626 summas
684 3567 745 3626 eb
736 3577 795 3626 rsto
807 3564 937 3624 miserias
953 3583 1005 3641 per
1018 3563 1151 3642 iujuriam
1164 3576 1212 3624 ιιι

118 3663 279 3735 conjectus,
300 3659 493 3738 hujussicem
507 3658 579 3718 nihil
597 3657 780 3718 irascemini?
801 3655 896 3716 Absit.
903 3639 1141 3714 Neminisenim
1156 3655 1210 3714 rni-

119 3751 271 3812 sereudum
286 3761 341 3822 est,
363 3749 413 3829 qui
435 3751 558 3812 neminis
578 3749 741 3821 miseretur,
766 3767 861 3832 neque
881 3747 1036 3824 quicquam
1058 3746 1099 3803 illi
1117 3746 1211 3803 veniae

118 3843 258 3916 dandum,
273 3842 336 3948 qui·
334 3842 450 3903 veniam
464 3843 515 3902 dat
528 3841 646 3902 nemini.
666 3841 744 3900 Nam
758 3861 815 3920 ego
828 3839 966 3916 quidem'
959 3849 1000 3896 sta
1014 3837 1119 3906 sentio,
1133 3851 1209 3893 mor-

117 3937 191 3996 tales
212 3954 313 3996 omnes
328 3933 357 3994 in
377 3934 434 3994 hac
450 3933 594 3994 sententia
606 3951 682 4005 esse,
703 3943 737 3992 ut
758 3931 933 4001 existiment,
951 3937 1085 4006 oportere
1105 3943 1209 3984 unum·

118 4045 261 4106 quemque
274 4047 311 4087 ex
323 4035 386 4086 tota
404 4045 458 4086 sua
470 4021 586 4084 vivendi
600 4025 711 4084 ratione
725 4024 810 4100 quasi
827 4024 932 4100 stipem
946 4017 1094 4095 quandam
1107 4014 1145 4072 ad
1158 4014 1211 4074 <le-

119 4121 246 4200 gendam
257 4121 346 4180 ritum
360 4119 508 4198 colligere,
522 4139 581 4179 non
594 4137 660 4178 eam
672 4127 788 4177 tantum
801 4133 898 4216 quam.
906 4111 1057 4186 colligunt,
1075 4119 1105 4165 et
1122 4127 1211 4185 quam

119 4211 349 4290 expleutaliqui,
373 4212 426 4271 sed
440 4211 525 4272 aliam
539 4212 636 4283 etiam,
650 4208 760 4269 veluti:
780 4225 837 4284 ego
850 4201 980 4280 quisquis
1000 4218 1065 4259 sum
1085 4199 1134 4275 qui
1159 4198 1212 4258 ad·

120 4321 185 4364 sum
211 4323 313 4380 aequus
334 4323 400 4360 sum
419 4304 568 4380 comisque
589 4321 660 4378 erp
681 4318 793 4368 omnes,
813 4293 987 4362 misericors,
1006 4291 1188 4369 beneficus
1181 4310 1212 4352 ιιι

121 4395 238 4456 multos.
260 4395 371 4459 Omnes
381 4394 468 4479 dccet
478 4394 528 4454 tali
538 4391 649 4480 bomini
659 4391 762 4452 eadem
775 4398 914 4462 tanquam
928 4378 1065 4444 tributum
1074 4383 1212 4462 pendere,
