2934 5000
267 316 347 379 398·
545 300 715 375 CONTRA
743 304 1083 423 ARISTOORATEM.

265 490 334 535 esse
347 466 456 531 dieunt.
477 464 607 546 ldquod
620 465 703 527 etde
717 462 893 525 Charidemn
911 418 1056 545 perpetuo
1069 460 1206 521 iecerunt
1223 466 1381 519 oratores

270 559 523 651 Quemadmodum
538 566 569 617 et
578 556 632 636 ipsi
642 554 849 623 fatebiminis
826 574 851 612 οι
864 572 901 613 er
909 572 956 613 me
967 553 1048 613 iacta
1057 550 1136 618 illius
1145 546 1334 610 audiveritis.

311 657 359 714 37.
381 642 455 721 Quae
473 650 560 729 igitur
572 648 656 707 miles
669 646 780 717 adhue,
795 646 868 703 dum
880 644 1057 705 funditoris
1049 643 1132 704 mitio
1144 654 1176 702 et
1191 624 1291 700 velitis
1303 659 1377 697 mu·

270 764 339 807 nere
359 745 541 822 iungeretur,
554 748 657 800 oontm
669 747 799 797 nostram
812 734 1022 815 rempublicam
1036 736 1116 794 bello
1126 733 1207 803 iecit,
1221 751 1284 791 non
1295 733 1378 790 inter

270 834 390 915 iujurias
408 848 550 895 numero:
577 850 635 891 nec
658 828 730 889 illud
759 828 858 900 etiam,
878 827 959 905 quod
984 845 1192 907 myoparonem
1212 822 1377 904 piraticum

269 937 384 999 nactus,
397 934 510 987 seruos
528 922 625 983 socios
647 918 835 1021 depredatus
855 918 920 978 fuit.
951 918 1011 979 Sed
1028 919 1133 979 omitto
1150 917 1226 975 hee
1253 918 1376 981 Quaru-

270 1016 390 1081 ohreml
412 1014 488 1082 Quia
500 1011 683 1073 necestitatia
697 1010 743 1069 vis
755 1018 787 1069 et
798 1008 907 1087 inopia,
920 1008 1123 1087 cogitationes,
1132 1006 1203 1086 quid
1217 1026 1256 1065 er
1271 1006 1377 1064 officio

164 1176 168 1188 ,
271 1111 318 1182 sit,
341 1108 412 1188 quid
436 1115 536 1166 uonna
558 1102 697 1173 officium,
718 1100 796 1161 tollit
814 1100 973 1159 universas.
1005 1100 1104 1168 Quare
1123 1097 1217 1178 iniqui
1239 1098 1377 1157 oensoris

269 1202 368 1274 fuerit,
382 1198 446 1258 hee
460 1194 558 1256 omnia
572 1193 738 1267 accuratius
755 1192 795 1251 ad
814 1190 944 1251 ealeulos
962 1210 1110 1252 revocare.
1135 1190 1197 1250 Sed
1218 1208 1290 1250 eum
1305 1189 1375 1267 jam

271 1292 440 1373 auspicatus
453 1304 580 1366 preesse
595 1282 788 1353 meroenariis,
802 1291 833 1341 et
844 1282 987 1361 quosdam
1002 1280 1110 1341 milites
1123 1282 1180 1341 sub
1193 1300 1227 1340 se
1242 1280 1373 1350 habens.

270 1403 323 1445 ros
345 1382 430 1453 lesit,
443 1380 508 1439 heo
522 1396 559 1439 ex
577 1396 623 1437 me
642 1375 751 1436 audite.
772 1374 834 1435 Iste
853 1375 976 1453 primum
994 1374 1122 1433 omnium
1141 1373 1312 1433 conductus
1333 1374 1376 1431 ab

218 1498 224 1507 ·
273 1476 431 1579 Iphicrate,
441 1490 508 1533 eum
521 1470 595 1549 plus
599 1485 686 1545 quam
700 1466 855 1526 triennium
870 1468 975 1527 subeo
984 1466 1131 1546 stipendia
1143 1464 1273 1536 fecisset,
1287 1476 1377 1543 pust·

272 1585 360 1647 quam
370 1562 490 1643 imperio
505 1558 643 1641 iphicrati
656 1559 812 1637 abrogato,
821 1557 1005 1622 Timotheum
1018 1577 1086 1617 eum
1096 1556 1217 1637 imperio
1225 1556 1375 1615 adversus

273 1654 469 1735 Amphipolim
490 1661 522 1712 et
539 1650 756 1709 Chersonesum
776 1648 947 1727 ablegastis,
970 1647 1096 1727 primum
1113 1646 1375 1727 Amphipolitanos

203 1756 206 1759 '
273 1747 402 1816 obsides,
423 1763 497 1823 quos
509 1762 537 1803 er
527 1741 590 1801 ad
602 1740 828 1817 custodiendum
849 1739 1010 1819 Iphicrates
1022 1749 1160 1819 acceptos
1181 1742 1220 1799 ab
1238 1740 1375 1818 Harpalo

272 1836 444 1907 tradiderat,
457 1834 565 1912 quique
579 1850 617 1890 ex
630 1840 725 1890 vestro
739 1808 995 1891 senatusconsulto
1008 1830 1048 1889 ad
1060 1850 1113 1889 ros
1127 1830 1263 1889 mittendi
1274 1842 1374 1903 erant,

274 1925 484 2007 Amphipolitia
505 1922 645 2005 restituitr
666 1940 732 1999 quaa
749 1942 797 1981 rea
815 1922 938 1992 obstitit,
952 1942 990 1983 oe
1003 1921 1189 2001 Amphipolis
1203 1934 1373 2002 caperetur.

274 2018 401 2089 Deinde,
420 2034 488 2077 cum
508 2013 681 2073 Timotheus
693 2032 762 2073 eum
780 2013 879 2073 denuo
897 2032 964 2073 cum
977 2013 1042 2092 ejus
1056 2015 1185 2074 exercitu
1198 2014 1374 2075 conducere

274 2107 414 2182 relletei
435 2124 518 2167 suam
531 2124 650 2185 operam
663 2104 763 2165 locare
780 2104 885 2176 noluit,
903 2105 957 2164 aed
975 2124 1044 2164 com
1065 2106 1169 2165 reatris
1190 2108 1317 2166 navibus
1333 2107 1374 2166 ad

274 2203 383 2281 Cotym
392 2198 542 2278 proiectus
555 2208 611 2269 est,
623 2214 712 2274 quem
724 2196 809 2257 robis
828 2196 957 2256 omnium
973 2195 1124 2257 hominum
1137 2196 1373 2257 inimicissimum

273 2292 516 2358 esseeertisaimo
529 2290 649 2349 sciebat.
673 2288 781 2349 Postea
798 2308 867 2347 eum
883 2288 1035 2349 'limotheo
1048 2290 1144 2349 visum
1162 2299 1244 2349 esset
1258 2291 1373 2350 bellum
1420 2274 1426 2285 ’
1458 2291 1459 2312 ¹

275 2384 544 2467 amphipolitanam
557 2380 635 2461 prius
656 2380 811 2451 confluere,
824 2396 912 2459 qnam
927 2380 1142 2441 Chersonesum
1162 2381 1303 2459 aggredi,
1320 2402 1374 2441 ne-

173 2531 177 2540 .
275 2501 338 2562 que.
345 2477 386 2537 ibi
398 2474 506 2536 ledere
518 2492 571 2534 ros
584 2472 706 2552 phraet,
708 2472 805 2532 denuo
820 2490 902 2532 auam
915 2490 1034 2552 operam
1049 2471 1199 2553 Olynthiis
1211 2472 1304 2546 ineat,
1315 2474 1371 2535 ini-

275 2572 358 2634 miois
370 2568 486 2639 restris,
499 2566 588 2628 ethis
601 2565 650 2644 qui
665 2575 725 2624 tum
739 2564 936 2644 Amphipolim
948 2565 1139 2634 obtinebaotz
1160 2583 1220 2644 quo
1230 2567 1304 2626 dum
1317 2582 1375 2629 aa*

228 2733 234 2746 ι
274 2665 365 2744 rigat,
379 2656 687 2738 Cmdiacumnaribus
700 2675 848 2735 egressus,
858 2666 1007 2716 utcontra
1017 2675 1071 2717 ros
1083 2675 1174 2717 arma
1176 2657 1276 2730 ferret,
1289 2679 1309 2717 a
1321 2681 1374 2719 re·

275 2755 344 2817 stris
353 2733 515 2812 triremibus
529 2759 633 2828 eaptus
642 2757 698 2806 est.
723 2746 863 2825 Sedquia
871 2747 1011 2825 temporis
1019 2737 1097 2808 illius
1106 2747 1180 2808 ratio
1189 2750 1371 2827 postulabat,

163 2839 175 2864 ⁰
275 2855 308 2904 et
320 2842 457 2902 militibus
480 2839 518 2900 ad
532 2837 802 2916 Amphipolitanum
819 2837 928 2896 bellum
948 2839 1091 2916 egebatis,
1108 2857 1175 2898 eum
1194 2841 1373 2918 plectendus

274 2944 364 3006 esset,
378 2929 532 3008 tumqood
542 2926 749 2990 robiaohsides
762 2947 823 2987 non
835 2927 1017 3001 tradidisset,
1028 2939 1091 2989 tum
1103 2929 1185 3009 quod
1203 2932 1243 2990 ad
1261 2933 1372 3012 Cotym

276 3027 391 3086 hostem
401 3032 527 3082 restrum
542 3037 610 3078 cum
624 3017 725 3078 reatris
736 3019 861 3079 naribus
872 3019 1092 3100 manshrgiaset,
1104 3020 1164 3080 lide
1181 3022 1254 3082 data
1271 3031 1304 3084 et
1320 3045 1378 3083 ae.-

167 3155 171 3163 .
275 3127 371 3196 cepta,
384 3114 535 3174 vobiscum
546 3109 687 3170 militavit.
709 3107 769 3169 Pro
779 3110 886 3188 quibus
897 3106 987 3189 igitur
998 3113 1086 3172 rebus
1099 3131 1217 3192 mquam
1230 3125 1295 3173 erat
1303 3135 1371 3175 eum

275 3207 359 3270 robis
369 3203 500 3266 confiteri
508 3202 642 3282 gratiam,
652 3200 723 3280 quia
730 3219 847 3260 erucem
857 3201 961 3262 merito
968 3203 1173 3281 peperoeratis,
1182 3222 1236 3283 pro
1245 3205 1291 3264 his
1302 3206 1373 3286 ipsis

276 3309 377 3361 uoatm
390 3297 503 3367 civitas,
515 3294 596 3356 velut
608 3292 713 3354 affecta
733 3293 893 3363 beneficiis,
907 3311 1030 3354 eorooas
1043 3293 1071 3355 ei
1082 3305 1114 3355 et
1126 3290 1177 3371 jus
1189 3297 1330 3371 civitatis,
1342 3309 1372 3358 et

276 3411 313 3454 ea
324 3411 391 3471 qum
406 3389 485 3450 auius
500 3405 601 3446 omnes
610 3385 715 3464 largita
727 3393 783 3444 est.
804 3387 850 3445 Ae
859 3395 894 3445 ut
905 3397 1045 3466 appareat
1055 3385 1204 3448 necuim
1218 3407 1288 3448 vere
1300 3391 1371 3464 diei,-

156 3545 160 3552 ,
275 3482 468 3544 etdeereurm
481 3477 518 3538 de
532 3475 693 3549 obsidibus,
707 3486 739 3535 et
750 3474 905 3554 Iphicratis
915 3477 1016 3547 litere
1030 3478 1157 3556 itemque
1170 3479 1328 3553 Timothei,
1341 3494 1373 3542 et

276 3568 782 3676 deindehontestimoniumlegetur.
797 3567 1037 3642 Videbitisanim‚
1048 3588 1264 3650 menonnogas
1273 3591 1371 3651 agere,

272 3659 741 3816 1ιύιὶιὲὶιῖἰιιιθοῐτιοειίιιιίιιιιοοιοιιιίιιιιοὶ,
750 3659 1079 3744 sedreraasseeaqum
1087 3681 1294 3725 oommemoro.
1310 3665 1371 3727 lie-

442 3914 881 4028 mranmsuacnaruu.
902 3965 1207 4028 rasrmomuu.

318 4123 367 4182 ³8.
388 4119 463 4180 Eum
483 4117 571 4197 igitur
583 4137 620 4178 eo
633 4117 757 4198 primum
773 4135 857 4175 suam
876 4135 995 4196 operam
1008 4129 1040 4178 et
1058 4117 1146 4179 fidam
1159 4118 1307 4179 addixisse
1326 4131 1371 4181 at·

276 4233 334 4290 que
348 4209 548 4282 obstrinxisse,
561 4211 611 4269 ubi
620 4229 651 4268 se
660 4207 810 4268 vobiscum
819 4207 1055 4287 belligeratorum
1064 4211 1212 4288 sperabat,
1223 4230 1293 4270 curn
1303 4211 1370 4272 alibi

275 4303 384 4380 passim
394 4303 481 4362 varim
495 4301 677 4360 conditiones
689 4299 716 4359 ei
732 4309 840 4377 presto
854 4311 964 4370 essem,
979 4300 1089 4363 deinde
1095 4313 1251 4382 postquam
1265 4304 1306 4363 ibi
1320 4327 1371 4365 roa

276 4391 462 4470 luderenou
475 4391 580 4475 potuit,
596 4387 779 4468 rursushue
796 4389 1019 4467 sacoatrrlisse,
1032 4391 1082 4454 ubi
1101 4393 1248 4456 adreraari
1270 4407 1372 4475 posset
