2934 5000
445 388 449 396 ,
519 325 577 385 na
599 323 782 386 concur.
874 373 877 382 .
1144 311 1200 377 18³

111 483 408 548 maurocenos
449 479 764 562 arpotaenvoooe
779 473 895 534 nomae
909 471 974 534 reus
987 472 1057 532 mihi
1070 457 1205 544 eoiret·

112 578 193 657 quod
213 579 286 639 istas
305 572 536 655 reip.·gerendm
558 573 686 632 rationes
702 568 788 629 unice
810 575 928 627 secutus
950 582 1025 636 sum,
1039 559 1079 624 ei
1098 564 1203 644 quibus

113 669 201 728 simul
217 669 310 747 gloria
330 676 361 727 et
373 667 499 726 honores
512 663 662 743 copiisque
675 661 716 721 ad
732 659 876 720 cimtatem
898 654 1112 718 redundarent:
1133 657 1205 716 invi·

115 756 187 818 dum
199 775 269 820 vero
277 767 331 818 aut
340 757 478 816 acerbum
488 764 540 814 aut
554 753 731 813 malitiosum
745 749 775 808 in
789 749 823 810 iis
838 745 905 827 quar
918 747 1035 828 publice
1044 747 1122 826 gessi
1135 745 1206 806 nihil

114 858 173 922 eet,
194 849 266 910 nihii
289 848 436 927 abjectum
462 863 558 923 neque
582 843 732 923 republica
757 842 919 920 indignum.
960 840 1057 920 Atque
1082 837 1206 899 eandem

116 941 203 1020 plane
214 939 344 1000 indolem
354 955 486 998 servasse
493 955 541 996 me
548 934 693 995 constabit
704 943 736 994 et
746 933 775 993 in
788 933 903 993 urbsnis
914 929 1209 993 admhristrationrhus'

116 1041 148 1092 et
159 1031 191 1090 in
202 1031 374 1092 Graecorum
386 1027 529 1108 negotis:
549 1045 619 1088 nam
630 1045 726 1105 neque
738 1027 770 1086 in
782 1026 898 1086 civitate
910 1024 1087 1103 locupletum
1101 1024 1208 1102 gratim

116 1123 210 1202 pluris
219 1142 307 1203 quam
317 1119 512 1182 multitudinis
515 1116 981 1198 juraieci‚nequeinGrtecanicis
990 1118 1076 1176 rebus
1083 1115 1211 1196 Philippi

118 1232 240 1274 munera
249 1223 339 1292 atque
352 1211 508 1290 hospitium
522 1209 665 1270 universe
677 1207 804 1270 Graeciee
817 1207 1069 1269 commoditatibus
1077 1207 1210 1266 antetuli.

158 1308 209 1366 32.
228 1305 250 1366 J
252 1325 297 1366 am
310 1304 398 1384 igitur
410 1303 480 1364 mihi
492 1303 635 1382 reliquum
649 1321 714 1362 esse
732 1301 855 1362 arbitror
866 1311 902 1359 ut
910 1300 947 1359 de
960 1299 1102 1379 preconio
1115 1299 1211 1360 dicam

119 1406 152 1455 et
165 1396 204 1454 de
215 1395 375 1455 rationibus
388 1394 565 1455 referendis:
586 1412 711 1472 namque
724 1413 772 1452 me
782 1407 813 1453 et
826 1393 933 1472 optime
944 1391 1047 1451 fecisse
1057 1402 1088 1450 et
1097 1409 1214 1471 semper

120 1507 193 1566 erga
203 1506 256 1546 vos
263 1486 437 1546 benevolum
450 1505 517 1546 esse
530 1495 561 1545 et
567 1485 742 1545 benefacere
755 1493 899 1564 paratum,
908 1483 978 1544 satis
992 1502 1030 1542 ex
1043 1482 1214 1562 supradictis

120 1587 363 1638 ameostensum
377 1587 536 1655 esseputo.
578 1576 763 1656 Quamquam
783 1574 901 1656 quidem
923 1572 1080 1634 maximam
1100 1583 1214 1653 purtem

118 1689 217 1730 rerum
230 1689 250 1730 a
258 1687 306 1728 mc
317 1669 435 1748 publice
443 1668 639 1730 institutarum
656 1675 687 1728 et
700 1678 832 1728 actarum
843 1665 1040 1746 praetermitto,
1051 1665 1131 1745 quod
1140 1665 1215 1725 erhi-

118 1771 180 1820 trer
191 1760 327 1839 primum,
339 1760 410 1818 mihi
424 1760 461 1818 de
474 1761 593 1820 crimine
603 1761 669 1841 ipso
679 1760 789 1821 decreti
797 1769 900 1820 contra
909 1759 990 1838 leges
999 1757 1070 1818 fecti
1083 1777 1147 1818 esse
1157 1757 1217 1817 dis·

118 1850 286 1923 serendum‚
300 1849 415 1921 deinde,
426 1850 540 1910 etiamsi
559 1851 630 1910 nihil
649 1851 687 1910 de
701 1850 817 1931 reliquis
831 1849 996 1910 actionibus
1009 1848 1081 1908 meis
1095 1847 1218 1927 publicis

119 1945 228 2017 dicam,
247 1963 348 2004 earum
373 1955 471 2005 tamen
494 1943 661 2004 adfuturam
682 1944 753 2002 mihi
774 1953 881 2002 testem
899 1952 1024 2002 vestram
1038 1942 1218 2022 singulorum

120 2037 344 2098 conscientiam

163 2130 212 2186 3³.
233 2127 344 2184 Eorum
356 2125 445 2204 igitur
457 2144 632 2196 sermonum,
645 2143 720 2202 qnos
734 2124 791 2184 iste
804 2143 920 2184 sursum
939 2143 975 2184 ac
995 2120 1131 2186 deorsum
1150 2147 1218 2208 per·

122 2218 227 2278 mistos
248 2215 352 2282 habuit
373 2214 411 2275 de
436 2215 552 2293 legrhus
574 2214 759 2292 exceptoriis,
777 2233 873 2292 neque
891 2213 1056 2275 mehercule
1074 2236 1127 2276 vos
1148 2230 1221 2297 puto

124 2325 263 2387 magnam
277 2316 390 2386 partem
403 2305 591 2378 intellexisse,
604 2324 700 2384 neque
718 2305 780 2384 ipse
800 2305 896 2364 animo
909 2306 1152 2383 comprehendere
1167 2329 1221 2388 po·

125 2402 189 2460 tui:
211 2419 268 2479 ego
281 2417 352 2458 vero
365 2397 534 2477 simpliciter
547 2417 582 2458 ac
602 2408 682 2457 recta
695 2397 744 2456 via
761 2396 798 2456 de
812 2396 876 2476 jure
896 2397 1059 2476 disputabo.
1093 2398 1220 2459 Tantum

126 2493 203 2554 enirn
224 2493 308 2553 abest
320 2502 355 2551 ut
367 2489 463 2551 dicam
477 2510 523 2576 rne
535 2489 691 2550 referendis
712 2489 871 2551 rationibus
891 2509 950 2548 non
971 2510 1035 2550 esse
1055 2493 1221 2567 obnoxium,

126 2583 208 2664 quod
217 2583 274 2643 iste
283 2602 377 2664 nuper
387 2580 532 2643 multoties
546 2582 702 2661 objiciebst
713 2580 788 2643 salso
802 2591 833 2643 et
845 2584 1042 2657 asseverabat,
1055 2592 1089 2643 ut
1098 2604 1150 2665 per
1160 2604 1224 2644 om·

127 2695 195 2736 nem
215 2675 306 2735 vitam
326 2694 426 2735 eorum
444 2674 606 2735 manationi
618 2672 778 2735 reddenda
796 2675 952 2735 obnoxium
966 2694 1032 2735 esse
1050 2676 1141 2735 fatear
1157 2696 1223 2755 quse

129 2767 211 2847 apud
221 2765 404 2847 reipublice
417 2764 463 2825 vel
475 2765 599 2825 tractavi
611 2766 659 2825 vel
672 2765 878 2827 administravi.
902 2765 961 2826 Sed
970 2786 1036 2846 qum
1051 2766 1089 2827 de
1101 2768 1225 2847 propriis

128 2859 213 2917 bonis
226 2858 373 2937 pollicitus
386 2866 417 2917 et
428 2858 552 2938 largitus
565 2876 629 2919 sum
641 2858 764 2939 populo,
785 2878 884 2919 eorum
902 2858 1041 2919 rationem
1059 2860 1139 2919 nullo
1151 2872 1225 2919 tem-

129 2969 201 3029 pore
219 2970 240 3009 a
251 2969 298 3010 me
319 2950 500 3011 referendam
519 2969 584 3012 esse
597 2951 788 3011 dico—audis
807 2950 945 3011 AEsc'hine
955 2951 1103 3032 i-neque
1117 2952 1155 3011 ah
1168 2952 1225 3012 alio

130 3060 287 3121 quoquam,
303 3043 378 3102 nesi
393 3060 429 3101 ex
442 3060 547 3102 novem
559 3042 678 3122 quidem
691 3043 730 3103 sit
747 3042 954 3104 Archontihus.
978 3043 1054 3103 Nam
1075 3064 1141 3123 qum
1162 3050 1227 3105 tnn'·

132 3132 201 3191 dem
214 3132 263 3190 lex
276 3142 325 3190 est
342 3142 425 3192 tanta
438 3134 579 3210 injustitia
590 3144 680 3213 atque
701 3135 910 3197 inhumanitate
933 3136 1029 3216 plena,
1043 3146 1078 3195 ut
1095 3140 1226 3217 eum'qui

132 3222 173 3281 de
195 3240 250 3281 suo
272 3221 311 3279 sit
332 3222 454 3301 largitus
465 3224 604 3303 iecitque
623 3226 734 3285 lacinus
754 3227 912 3305 benignum
936 3244 971 3285 ec
991 3226 1107 3285 liberale
1126 3230 1227 3305 gratiss

132 3311 255 3393 quidam
267 3311 368 3371 tractu
381 3314 483 3391 privet,
495 3316 536 3373 ad
547 3316 771 3377 calumniatores
785 3328 883 3377 autem
906 3316 1039 3395 abripiat,
1053 3316 1164 3397 hosque
1184 3340 1229 3379 ra-

99 3474 103 3479 ,
131 3403 263 3465 tionibus
285 3420 384 3463 eoram
405 3421 472 3481 qum
497 3403 580 3465 dedit
598 3407 785 3487 reposcendis
805 3406 967 3485 proficiet?
988 3406 1078 3469 Nulla
1098 3411 1228 3489 protecto

131 3510 189 3561 est.
218 3498 279 3557 Aut
291 3496 317 3557 si
326 3496 485 3577 quamiste
501 3498 671 3571 essedicat,
686 3498 834 3573 ostendat,
848 3506 938 3579 etque
958 3520 1014 3580 ego
1026 3503 1235 3582 conquiescam
1357 3494 1361 3511 ⁴

133 3592 291 3653 ettsoeho.
326 3590 387 3649 Sed
401 3590 492 3651 nulla
503 3600 562 3669 est,
580 3589 785 3665 Atheniensem
807 3600 839 3652 at
855 3592 912 3653 iste
933 3592 1131 3669 calumniator,
1150 3594 1229 3677 quod

134 3703 202 3747 cum
215 3703 273 3764 ego
280 3684 419 3745 theatrali
431 3684 564 3763 pecunioe
580 3685 739 3763 prefectus
757 3704 852 3747 susem
865 3696 999 3748 nummos
1018 3678 1082 3749 sum
1098 3690 1229 3769 largitus,

60 3831 63 3839 .
134 3774 320 3837 laudavit
338 3794 416 3836 eum
435 3774 529 3854 iuquit
551 3785 710 3836 senatus
733 3777 963 3839 rationibus
991 3780 1228 3841 referendis

136 3870 211 3929 obn
221 3888 267 3928 ox
278 3868 317 3926 iu
327 3886 368 3927 m.
394 3867 465 3927 Non
473 3868 512 3927 oh
524 3866 617 3927 ullum
627 3888 686 3929 rem
695 3868 782 3948 cujus
795 3870 936 3933 rationem
948 3861 1060 3933 referre*
1070 3856 1166 3943 debui,
1175 3870 1228 3931 ned

136 3962 175 4019 ob
193 3978 229 4019 ea
243 3966 310 4037 qum
322 3959 446 4038 largitus
460 3978 536 4033 sum,
550 3959 740 4040 sycophanta.
759 3990 761 3997 ·

177 4052 227 4111 34.
250 4049 327 4110 Sed
353 4059 393 4111 et
417 4051 541 4111 muris
564 4052 798 4112 reficiendis
830 4065 991 4117 curator
1018 4070 1099 4112 eras
1126 4052 1230 4130 inquit.

136 4146 236 4222 Atque
249 4144 288 4203 ob
298 4142 357 4202 hoc
369 4143 465 4223 ipsum
478 4144 581 4205 merito
601 4144 752 4219 laudabar,
772 4148 853 4225 quod
873 4166 909 4207 ea
923 4166 988 4225 quae
1002 4144 1150 4225 insumpta
1162 4159 1232 4212 sunt

138 4234 245 4295 donavi
260 4254 355 4314 neque
367 4254 496 4315 expensa
507 4237 572 4296 tuli.
613 4238 693 4298 Nam
707 4238 826 4318 expensi
846 4237 917 4298 latio
939 4236 1082 4295 rationum
1103 4238 1231 4301 calculos

138 4335 171 4386 et
183 4324 537 4405 inquisitores-desudent,
556 4328 676 4388 donatio
690 4348 759 4415 vero
779 4330 901 4407 gratiam
926 4327 1099 4408 laudemque
1119 4351 1232 4411 prome·

139 4428 242 4481 retur:
259 4440 349 4499 quarn
360 4423 534 4485 cheensem
545 4421 609 4483 hcc
621 4421 660 4482 de
671 4440 725 4482 me·
733 4420 850 4500 scripsit
860 4420 1033 4501 Ctesiphon.
1055 4426 1156 4505 Atque
1167 4426 1231 4485 hec
