2934 5000
263 273 325 330 stt
435 297 443 306 -
526 271 874 336 unumunurn
902 272 1145 339 occasionn.

264 434 360 484 murm
380 435 480 484 auur·
503 425 567 486 istas
588 426 813 488 intercessiones
836 439 867 486 et
881 426 980 487 studia
998 439 1116 517 propter
1129 430 1242 510 pn'rata
1256 434 1374 493 emolu-

263 523 365 576 menta
374 515 591 595 suscipiuntur:
612 517 651 577 ad
664 539 731 597 quae
746 519 928 598 prohibenda
941 539 993 580 ros
1004 521 1103 600 legum
1114 525 1286 588 auctoritate
1298 547 1373 587 con-

263 609 393 683 venistis,
407 628 477 684 nou,
488 619 522 670 ut
535 629 572 670 ea
584 610 694 690 injuriis
708 610 873 673 hominibus
888 612 1111 672 confirmaretis.

176 757 183 776 ,
303 687 343 760 2(
356 702 403 762 Ac
417 701 489 763 elim
503 702 622 782 quidem
645 703 696 781 qui
714 713 796 764 recto
815 703 975 784 proposito.
989 699 1028 764 ed
1050 703 1260 786 rempublicam
1281 728 1371 770 acce-

178 840 180 848 .
263 791 347 862 dont,
360 792 474 854 etiarnsi
486 793 628 854 ratim
640 793 842 865 reddiderunt,
857 814 971 875 semper
983 804 1082 856 tamen
1096 795 1175 858 ultro
1190 799 1229 859 ad
1243 819 1368 880 rupen-
1462 855 1463 858 ,

206 952 209 957 ,
263 882 394 942 dandum
418 895 551 964 perator:
574 885 741 946 AEscbinem
764 895 861 945 autern
885 887 973 966 longe
1001 886 1086 947 eliter
1113 889 1273 950 animatum
1299 911 1369 955 esse

262 975 357 1034 video.
387 975 560 1056 Priusquam
581 977 661 1037 enim
681 977 720 1036 ed
738 996 790 1064 ros
814 978 1025 1058 ingrederetur,
1049 989 1079 1038 et
1100 990 1232 1040 actorum
1247 1003 1368 1044 suornm

263 1061 563 1142 rationem'rcdderet,
574 1069 698 1130 eltemm
712 1089 815 1128 eorum
830 1069 879 1148 qui
890 1071 1018 1152 rationes
1028 1071 1229 1151 postulabant,
1239 1079 1368 1150 sustulit,

263 1157 327 1220 aliis
341 1160 454 1239 passim
466 1161 633 1221 minitatur:
654 1170 684 1220 et
697 1160 907 1240 iniquissimam
929 1163 1058 1224 omnium
1079 1167 1324 1230 consuetudinem
1336 1171 1366 1230 in

261 1252 474 1330 rempublicam
493 1263 525 1314 et
547 1253 628 1314 vobis
652 1253 937 1332 perniciosissimam,
950 1255 1119 1317 introducit.
1140 1258 1174 1317 Si
1187 1259 1266 1321 enim
1278 1263 1303 1320 is
1316 1263 1366 1342 qui

262 1343 412 1424 publicum
426 1363 534 1406 munus
546 1348 639 1424 gessit
657 1355 690 1405 et
709 1348 885 1425 procurarit,
899 1348 945 1407 sui
958 1359 1078 1422 terrore,
1099 1360 1131 1409 et
1147 1368 1208 1411 non
1228 1355 1366 1431 [equitate

261 1437 379 1510 efficiet,
392 1456 430 1497 ne
443 1437 482 1497 ab
495 1437 594 1516 aliquo
605 1449 771 1512 accusetur,
786 1438 880 1500 omnis
895 1440 977 1500 robis
992 1442 1130 1522 eripietur
1140 1446 1311 1506 auctoritas.
1462 1525 1463 1538 χ

303 1531 334 1588 3.
354 1529 400 1590 Ac
411 1529 507 1591 multa
519 1531 636 1611 quidem
650 1531 739 1592 istum
752 1532 852 1612 grevia
865 1532 978 1594 scelera
991 1533 1175 1614 designasse,
1189 1547 1220 1598 et
1228 1549 1364 1623 extremo

229 1695 233 1703 ,
262 1623 411 1702 supplicio.
428 1645 495 1686 esse
514 1625 650 1705 dignum,
665 1626 753 1688 facile
775 1645 823 1688 me
844 1627 963 1690 conlido
984 1630 1187 1708 probaturum,
1200 1643 1231 1692 et
1244 1634 1365 1694 omnino

261 1733 434 1793 persnemm
447 1715 563 1776 beben:
582 1718 654 1794 quid
667 1728 765 1779 autem
780 1719 869 1780 etism
881 1719 911 1783 io
924 1721 982 1782 buc
995 1722 1188 1802 pontesium
1198 1724 1364 1797 formidem,

262 1807 361 1868 dicam
374 1807 530 1886 apndvos,
546 1819 577 1868 et
598 1827 657 1868 non
679 1809 879 1871 dissimulabo.
912 1811 987 1872 Mihi
1000 1833 1100 1875 causas
1119 1835 1184 1895 quas
1206 1819 1286 1896 epod
1312 1839 1365 1879 vos

262 1909 389 1978 egnrntur
407 1918 519 1976 omnes,
533 1920 591 1961 noo
606 1902 712 1976 minus,
726 1903 930 1980 Athenienses,
950 1917 1110 1988 temporum
1131 1929 1195 1971 esse
1216 1911 1365 1984 videntur,
1462 1905 1463 1924 ¹

262 2009 352 2071 quarn
365 1991 559 2071 negotiorum,
572 2001 613 2067 et,
625 1994 695 2072 quia
709 1994 830 2076 longum
844 1996 919 2058 inter
933 1997 1109 2077 legationem
1124 2004 1249 2082 spatium
1270 2002 1365 2066 inter·

257 2081 373 2160 jectum
392 2094 451 2155 est,
468 2084 500 2143 id
513 2096 613 2146 metuo
627 2105 666 2146 ne
677 2105 767 2165 quam
787 2089 868 2150 robis
881 2089 1056 2154 oblivionem
1071 2095 1212 2169 attrrlerit,
1227 2105 1279 2156 mrt
1291 2116 1362 2158 oon-
1462 2159 1463 2174 ἓ

265 2173 453 2253 suetudinem
465 2175 645 2258 injuriarum.
677 2179 739 2240 Sed
753 2189 851 2242 temes
864 2183 1111 2262 quemadmodum
1124 2187 1212 2247 etiarn
1221 2187 1264 2248 sic
1277 2199 1308 2249 et
1319 2191 1364 2248 in·
1462 2207 1463 2214 ¹

166 2315 170 2322 .
262 2265 407 2326 tellecturi
420 2287 487 2347 qute
500 2287 588 2348 teque
606 2276 677 2330 tunt
690 2283 720 2331 et
731 2275 950 2352 pronunciaturi
964 2297 1043 2338 nunc
1057 2279 1224 2355 rideamini,
1238 2278 1269 2340 id
1281 2284 1364 2343 robis

262 2355 370 2427 dicam,
384 2359 409 2418 si
422 2361 573 2420 vobiscum
593 2361 649 2440 ipsi
672 2364 871 2436 consideretis,
888 2365 1015 2444 judices,
1030 2381 1061 2430 et
1075 2374 1226 2450 reputetis,
1239 2393 1362 2452 quarum

261 2469 356 2513 rerum
365 2449 511 2511 civitatem
522 2452 677 2515 ratioueaa
691 2451 791 2529 legato
799 2466 927 2534 repetere
941 2455 1084 2537 oporteat.
1106 2461 1250 2537 Primum,
1261 2486 1361 2529 eorum
1462 2536 1463 2553 χ

261 2560 330 2618 quas
341 2543 541 2603 renunciavit:
562 2544 694 2602 secundo
717 2544 794 2619 loco,
815 2565 916 2623 corum
930 2570 998 2627 quse
1013 2555 1178 2631 marasim
1199 2560 1296 2633 tertio,
1311 2580 1361 2621 ec·
1462 2634 1463 2637 Ἴ

261 2650 407 2711 rumque
422 2652 474 2692 vos
487 2633 515 2690 ei
528 2633 707 2693 mandastis:
728 2633 854 2715 denique
866 2648 1048 2721 temporum:
1069 2658 1138 2725 post
1150 2648 1215 2729 herc
1228 2652 1362 2712 universe
1462 2652 1463 2693 l

260 2726 459 2804 quarendum,
471 2726 638 2806 incorrupte
651 2744 746 2787 necne
761 2748 796 2789 ea
809 2729 888 2792 lacta
902 2734 962 2793 sint
971 2739 1077 2797 omnia.
1101 2740 1162 2801 Cur
1175 2744 1293 2805 tandem
1308 2746 1362 2806 bo·
1460 2738 1461 2747 ἶ

261 2816 348 2875 rum?
368 2818 446 2895 quod
470 2837 507 2876 ex
529 2818 794 2881 renunciationibus
818 2834 896 2885 recte
918 2829 1001 2889 vobis
1024 2830 1185 2893 deliberare
1209 2836 1248 2896 de
1273 2840 1360 2899 rebus
1462 2846 1463 2883 3

261 2907 347 2967 licet:
367 2927 434 2985 ques
448 2910 473 2968 si
485 2928 562 2969 verte
575 2910 693 2984 luerint,
712 2931 750 2974 ee
771 2934 839 2992 quae
855 2936 902 2977 res
927 2922 1067 2998 postulet,
1080 2926 1226 2999 statuetis,
1240 2930 1285 2987 sin
1300 2948 1360 2990 noo

262 2998 349 3069 mles,
362 3000 515 3059 contrarie.
541 3001 718 3080 Legetorum
730 3006 810 3065 enim
818 3008 942 3069 consilis
952 3013 1062 3073 veriora
1076 3035 1144 3077 esse
1156 3021 1287 3098 putatisz
1308 3041 1361 3082 au·
1462 3020 1463 3025 ’

262 3090 330 3151 ditis
343 3091 421 3151 enim
431 3110 492 3165 eos',
503 3104 537 3154 ut
549 3113 869 3175 gnarosearumrerum
881 3102 1032 3183 dequibus
1042 3108 1122 3169 missi
1136 3122 1213 3170 sunt.
1241 3112 1359 3192 Neque·

260 3204 348 3264 qoam
360 3184 449 3264 igitur
463 3186 548 3247 decet
561 3188 696 3250 conriuci
706 3190 848 3277 legatum,
861 3194 923 3255 dati
936 3197 1021 3259 vobis
1039 3200 1126 3262 ullius
1147 3202 1239 3265 futilis
1252 3216 1283 3265 et
1295 3226 1361 3286 per-

261 3275 364 3338 niciosi
377 3278 501 3339 consilii.
525 3280 605 3359 Jem,
617 3300 683 3360 quae
696 3282 780 3343 illurn
794 3284 893 3345 dicere
903 3298 955 3349 aut
969 3308 1057 3368 egere
1065 3294 1207 3373 jussistis,
1221 3308 1252 3357 et
1266 3301 1360 3359 nomi·

261 3371 352 3428 nerim
372 3369 541 3433 decrevistis
564 3392 630 3434 esse
643 3374 789 3451 iacienda,
803 3396 840 3439 ea
852 3382 989 3441 convenit
1007 3401 1077 3445 csse
1095 3390 1359 3465 procuratam.
1462 3410 1463 3415 ’

260 3461 436 3540 Temporum
454 3475 553 3526 autem
572 3470 782 3546 quamobrem?
803 3472 872 3551 quie
895 3494 972 3555 saepe
990 3480 1135 3554 usuvenit,
1150 3484 1358 3559 Athenienses,

262 3565 296 3611 ut
307 3553 463 3615 multarum
486 3577 580 3618 rerum
594 3570 625 3621 et
639 3581 812 3642 magnarum
826 3566 942 3627 occasio
956 3571 1048 3650 paulo
1061 3585 1206 3645 momento
1219 3581 1359 3659 temporis
1383 3595 1391 3608 ·

259 3645 460 3719 concludatur,
474 3668 564 3726 quam
578 3653 603 3711 si
621 3654 687 3731 quis
711 3655 789 3717 ultro
803 3658 976 3727 adversariis
991 3664 1165 3727 condonarit
1177 3679 1208 3729 et
1220 3672 1359 3749 prodide-

257 3735 306 3809 rit,
330 3736 444 3810 etiamsi
464 3742 563 3801 onnia
584 3757 879 3829 conetur,nunqusm
891 3753 999 3831 poterit
1011 3774 1190 3837 recuperare.
1227 3764 1275 3823 Ao
1289 3784 1360 3825 sero

260 3831 362 3908 gratis,
376 3830 490 3890 necne?
508 3835 588 3910 quod
602 3836 671 3897 inde
683 3841 826 3921 accipere,
837 3844 914 3903 unde
928 3847 1095 3926 reipublice
1108 3851 1247 3913 damnum
1260 3840 1360 3933 detur,
1462 3868 1463 3877 ’

259 3940 374 3996 omnes,
387 3923 459 3983 sau·
471 3925 544 3998 scio,
554 3936 586 3987 et
598 3928 751 4009 indignum
769 3952 837 3994 esse
855 3936 1013 4011 fateamini,
1024 3952 1056 4003 et
1069 3946 1195 4023 graviter
1207 3948 1360 4011 vindicen-

259 4016 341 4077 dom.
366 4018 413 4076 Ac
422 4017 572 4097 legislator
580 4020 699 4098 quidem
709 4025 766 4085 boc
775 4044 835 4087 non
845 4028 1074 4107 explicerit,sed
1087 4038 1258 4117 simpliciter
1267 4054 1360 4123 etque
1462 4114 1463 4121 χ

259 4124 358 4170 serere
373 4110 465 4169 vetuit
483 4112 615 4193 accipere
633 4132 763 4191 munera,
787 4137 867 4190 cum,
890 4130 924 4183 ut
944 4124 1014 4185 mibi
1026 4128 1153 4202 videtur,
1167 4132 1360 4212 existimaret,
1407 4178 1414 4187 -

256 4218 336 4271 eum,
356 4202 409 4280 qui
430 4204 522 4263 semel
545 4208 718 4288 accepisset,
742 4229 777 4271 ec
800 4210 1002 4292 lsrgiu'oeibue
1020 4232 1175 4302 corruptas
1195 4236 1282 4301 esset,
1297 4245 1359 4291 non

220 4337 223 4344 ,
254 4288 317 4367 jam
329 4304 515 4357 constantem
529 4314 647 4361 manere
666 4300 798 4381 judicem
811 4306 993 4384 publicorum
1003 4314 1234 4377 commodorum.

299 4385 330 4475 4.
350 4385 440 4449 Quod
459 4388 484 4447 si
505 4390 673 4465 ostendero,
690 4404 721 4455 et
731 4398 888 4477 perspicue
901 4402 1227 4478 probarmdlsolrioern
1242 4422 1272 4473 et
1286 4414 1360 4476 nilril
