2934 5000
467 320 637 395 caurus
658 304 832 383 ιιιιιιιιιιι
1143 320 1203 380 ιιι

124 526 126 533 ,
148 482 198 541 56.
218 480 285 559 Ego
297 496 378 548 vero,
392 476 544 537 utnonob
557 474 707 544 aliudve}
719 474 888 533 obcrebras
897 472 1117 555 stimportnnss
1127 469 1198 539 ¹con⁴

3 628 4 631 ,
107 572 218 643 cinnes,
231 580 261 630 et
272 580 403 649 tempora
414 567 520 645 quibus
533 566 741 642 sasbabuerit,
752 562 1037 647 maximo-supplicio
1051 560 1201 633 censerem
1221 625 1223 635 .

108 663 310 725 afficiendum:
331 660 425 720 nostis
442 660 520 721 eninr
535 660 593 718 hoc
603 658 750 737 prolecto,
764 658 941 721 sires'bene
954 673 1046 753 gestus¹
1060 646 1215 726 nuncian-¹

106 765 155 813 tur
170 755 243 826 urbi,
257 764 289 813 et
308 754 367 813 tale
381 752 493 829 aliquid
512 770 571 829 quo
586 748 813 810 exhilarentur
790 752 891 810 ornnes
893 772 1058 831 ,nusquam
1073 776 1201 865 unqpam

107 846 182 907 inter
195 865 246 907 eos
260 864 323 905 esse
337 842 482 903 Midiam
475 852 635 911 inventum,
651 843 702 921 qui
722 862 788 901 curn
801 842 912 923 populo
933 845 1074 923 gaudent,
1095 852 1203 933 quique

107 937 356 1015 congratulantur.
378 935 430 994 Sin
443 934 513 1013 quid
527 933 651 1003 adversi,
665 934 746 1011 qood
756 931 948 1012 deprecentur
958 958 1059 999 omnes
1062 944 1204 1022 ,primum

108 1028 184 1088 inter
197 1029 269 1088 alios
284 1027 383 1087 statim
401 1046 520 1103 surgere
532 1034 563 1083 et
576 1025 751 1096 concionari,
763 1026 950 1087 insultantem
962 1034 1150 1111 temporibus,
1165 1039 1205 1097 ei

110 1118 258 1199 lentiaque
277 1121 431 1191 fruentem,
454 1116 534 1197 quod
553 1122 606 1177 vos
628 1128 747 1196 propter
764 1116 897 1177 adversae
915 1120 1040 1181 fortuma
1058 1128 1206 1190 tristitiam
1300 1114 1304 1117 ⁴

110 1214 233 1275 tenetis:
254 1213 351 1274 tales
372 1212 476 1271 enim
501 1211 608 1283 e'st'is,
635 1210 926 1272 Athenienses:
949 1223 1206 1293 nequeenim

105 1304 370 1383 egredimini,
397 1302 653 1382 nequeenim
680 1303 884 1363 tributum
904 1309 1206 1376 conferendum

112 1397 305 1456 censetis.
342 1397 391 1456 Et
416 1395 620 1455 miremini
652 1395 756 1475 spele
787 1395 994 1456 vobiscum
1022 1404 1113 1489 egit
1146 1406 1207 1467 Me

114 1474 269 1565 putetis
297 1488 410 1549 robis
436 1486 598 1546 tributa
618 1486 873 1559 collaturum,
909 1508 976 1548 vos
1006 1489 1086 1551 illis
1118 1495 1208 1559 frui-

115 1581 251 1639 turos?
286 1579 521 1659 Meputatie
549 1580 754 1640 triremes
769 1576 1070 1659 instructurum,
1096 1590 1208 1653 robis
1250 1576 1254 1581 ⁴

107 1672 250 1736 ‚otiose
276 1674 377 1733 domi
400 1672 668 1731 sedentibus?
699 1672 1048 1752 Talipetulnntiautens,
1069 1688 1101 1738 et
1120 1682 1209 1743 animi

115 1765 163 1825 ιιι
180 1765 367 1827 acerbitatem
381 1786 417 1827 sc
429 1765 672 1838 malevolentiam
693 1785 780 1870 quam
803 1768 925 1827 obscure
946 1780 1049 1830 contra
1068 1774 1209 1855 populum
1287 1827 1291 1836 .

115 1857 202 1934 apud
228 1858 431 1937 semetipsum
444 1858 528 1936 gerit,
557 1878 608 1935 per
641 1856 827 1917 occasionem
853 1854 1004 1945 detegens,
1029 1864 1210 1930 obambulat.

118 1948 263 2028 Oportet
256 1951 354 2027 igitar
377 1950 586 2020 Athenienses,
601 1969 652 2009 vos
666 1949 753 2009 etiam
775 1950 819 2009 sio
838 1968 926 2024 nunc,
948 1946 1091 2031 quando
1083 1970 1139 2016 rste
1159 1960 1211 2038 per
1307 2020 1311 2026 ,

115 2038 249 2099 fraudem
271 2052 302 2099 et
317 2042 508 2119 imposturam
527 2040 742 2109 lamentabitur,
763 2051 794 2098 ct
815 2040 949 2117 plorabit,
973 2055 1004 2103 et
1024 2049 1211 2129 supplicabit,

118 2129 244 2189 taliailli
258 2131 421 2209 subjicere:
442 2132 546 2191 talis
570 2150 611 2197 es,
640 2130 788 2189 Midias
817 2131 931 2192 homo
952 2136 1050 2194 enim
1078 2155 1211 2202 contu.

121 2219 384 2294 melisenses,
407 2240 535 2300 neque
552 2222 605 2280 ris
625 2239 752 2279 manos
771 2222 877 2299 apud
899 2234 937 2281 te
957 2218 1211 2306 comprimere.
1275 2252 1278 2256 ’

122 2314 172 2373 Et
198 2313 361 2373 miraris¹
387 2322 434 2385 te,
461 2312 593 2377 malus
619 2330 709 2369 cum·
731 2312 802 2385 sis,
828 2314 933 2372 mala
957 2318 1214 2393 periturum?

120 2406 197 2465 Sed
217 2418 337 2483 putas
362 2424 433 2463 nos
460 2413 494 2462 te
518 2401 818 2474 toleraturos·
809 2422 934 2482 rpsom
956 2427 1053 2468 vero
1077 2420 1215 2491 tever-

120 2496 384 2560 beratur'umi
419 2514 489 2555 nos
517 2506 555 2555 te
582 2492 868 2569 absoluturos,
905 2493 1060 2603 nullum
1088 2514 1214 2568 statu

121 2602 259 2652 entem
281 2589 546 2668 improbitati
566 2598 641 2646 tum
666 2588 838 2646 modom?
900 2607 905 2618 ’
962 2589 968 2612 “

163 2685 213 2742 67.
234 2681 372 2742 Oratores
394 2680 513 2757 quidem
534 2681 620 2739 istum
635 2678 805 2752 defendent,
820 2697 879 2739 non
901 2690 961 2740 tam
985 2686 1217 2790 mediusfidius,

122 2784 157 2834 ut
175 2774 223 2836 isti
237 2773 445 2851 gratificentur,
462 2791 549 2850 quarn
569 2780 604 2830 ιι
611 2791 694 2878 ‘egre
714 2770 784 2829 mihi
804 2772 964 2863 iaciantob
977 2768 1131 2854 privatas
1122 2785 1218 2844 rnirr'ri·

123 2867 217 2936 citias,
231 2885 304 2943 quas
317 2866 372 2924 ists
386 2864 441 2923 sibi
454 2883 580 2936 mecum,
595 2863 655 2924 sive
669 2863 858 2935 affirmem,
835 2854 896 2924 sive
914 2866 1080 2946 peinegem,
1095 2871 1218 2965 interce·

124 2957 194 3018 dere
209 2957 333 3029 dictitat,
347 2966 378 3016 et
387 2977 416 3016 ιι
435 2967 591 3035 extorquet
603 2975 662 3015 non
683 2966 773 3016 recte.
809 2957 897 3016 Sed
889 2968 931 3016 ιιι
950 2961 1011 3019 lere
1023 2963 1066 3034 iit,
1080 2974 1113 3023 ut
1130 2957 1220 3028 nimie

124 3051 261 3112 felicitas
276 3049 407 3108 homines
427 3049 584 3126 aliquando
604 3048 710 3108 reddat
728 3049 936 3110 intolerabiles.
972 3052 1047 3111 Nam
1074 3075 1141 3116 cum
1164 3063 1221 3138 c‘go

126 3163 184 3206 nac
194 3143 321 3221 acceptis
333 3142 455 3219 injuriis,
470 3160 536 3200 eom
551 3141 699 3200 inimicum
710 3141 779 3199 milri
792 3162 859 3201 ease
871 3145 1026 3222 profitear:
1049 3147 1113 3225 ipsc
1123 3160 1221 3211 tamen

127 3257 176 3296 me
189 3234 379 3294 dimittentem
392 3253 452 3292 non
465 3231 594 3305 dimittit,
609 3234 663 3292 sed
682 3233 713 3290 in
725 3232 825 3292 alienis
838 3235 934 3295 causis
956 3246 1049 3294 semet
1060 3239 1177 3317 ingerit,
1193 3245 1224 3304 'et

127 3347 208 3390 nnnc
220 3325 356 3405 prodibit,
365 3337 399 3386 ut
408 3345 462 3386 nec
472 3327 626 3386 commune
635 3325 734 3404 legum
746 3325 914 3405 presidium
928 3327 998 3388 milri
1008 3329 1223 3414 impertiamini,

128 3417 341 3502 postulaturus,
355 3417 421 3477 talis
435 3417 522 3496 igitur
540 3436 637 3476 nonne
646 3416 709 3495 jam
723 3416 820 3494 gravis
832 3427 887 3489 est,
906 3427 937 3476 et
946 3419 1040 3497 major
1052 3439 1141 3499 quam
1158 3425 1223 3487 ιιι.

128 3513 237 3590 coique
263 3515 394 3570 nostrum
415 3508 573 3588 expedisti
593 3508 641 3567 Ad
659 3507 725 3566 lroec
746 3507 851 3579 adluit,
865 3504 1096 3584 Athenienses,
1095 3525 1126 3574 ιι
1147 3518 1225 3579 sedit

131 3603 294 3666 Eubulus
286 3623 317 3662 ιι
330 3603 455 3674 theatro,
468 3621 560 3681 quum
577 3598 704 3680 populus
718 3599 842 3660 Midiam
863 3601 1022 3677 damnarit,
1043 3616 1074 3666 et
1092 3614 1225 3693 nomina·

130 3699 183 3760 tim
196 3698 312 3767 citatus,
319 3699 428 3755 orante
440 3695 496 3753 isto
509 3705 539 3752 et
556 3693 763 3764 contendente,
781 3695 824 3752 uti
838 3713 889 3754 ros
903 3698 1006 3770 nostis,
1020 3718 1079 3759 non
1093 3717 1226 3762 surrexe-

131 3793 179 3850 rit.
199 3787 326 3866 Atqui
303 3807 328 3845 ιι
343 3785 487 3846 Midiam
480 3784 624 3845 insontem
636 3783 781 3845 delatum
777 3805 842 3844 esse
846 3788 978 3848 credidit
987 3793 1063 3869 apud
1073 3793 1226 3871 ριριιιιι,

132 3881 260 3944 officium
279 3879 364 3940 amici
385 3880 487 3958 utique
506 3879 660 3950 suisset'
634 3899 663 3938 er
675 3879 848 3956 patrocinari
861 3891 892 3939 ct
905 3882 1049 3960 opitulari.
1082 3884 1133 3942 Sin
1134 3886 1226 3963 ,quia

114 3966 196 4035 'tum
210 3971 356 4076 sentiebat
375 3988 442 4029 eum
438 3969 569 4076 inju'ste
590 3971 697 4043 lacere,
717 3969 785 4029 ideo
806 3971 911 4030 adesse
933 3968 1038 4075 apluit,
1058 3982 1135 4031 nunc
1158 3976 1228 4052 quia

134 4155 237 4227 fuerit,
244 4155 286 4214 illi
297 4154 470 4233 mercari:
491 4154 609 4214 absitut
625 4154 653 4213 in
668 4155 818 4234 republica
826 4153 958 4232 populari
966 4172 1117 4230 quisquam
1127 4166 1228 4220 motus

135 4249 269 4324 exsistet,
277 4245 363 4325 coJu‘s
372 4246 578 4306 intercessroire
587 4247 660 4304 alter
669 4257 819 4325 acceptam
828 4261 960 4322 rnJurram
969 4241 1230 4328 tolerarecogatur,

136 4340 211 4400 alter
222 4339 330 4398 lacum
342 4339 459 4417 impune
472 4337 557 4398 ferat.
580 4337 667 4402 Quod
683 4337 707 4396 si
720 4336 790 4395 mibi
798 4331 970 4394 malefacere
979 4335 1092 4408 stodes,
1104 4339 1229 4417 Eubule,

137 4447 342 4512 -quanquam
354 4447 410 4508 ego
424 4429 496 4490 deos'
505 4439 607 4500 testor,
621 4426 701 4488 baud
715 4426 776 4489 scio
790 4443 849 4503 quo
862 4425 965 4486 merito
975 4443 1186 4512 meo-,potos
1198 4435 1229 4495 id
