2934 5000
273 297 331 356 ιιι
697 253 960 368 neconorm.

270 449 374 510 Recita
386 469 455 510 roro
465 461 497 511 et
507 461 648 532 tempora,
660 455 766 533 quibus
781 455 844 526 heac
858 465 942 534 gesta
960 462 1046 514 suut:
1067 471 1104 512 ea
1115 452 1192 514 enim
1205 453 1270 534 ipsa
1283 466 1376 528 sunt,
1419 419 1422 422 Ι

269 545 375 623 quihus
387 547 444 607 iste
456 547 511 606 tuis
524 547 693 627 Pylagoras.
732 549 847 608 Recita.

707 697 919 762 TEMPORA.

434 827 552 878 hohesta
563 830 715 886 strenuius,
726 830 814 878 mensis
825 827 1011 878 Anthestesionis
1021 828 1112 876 decimo
1129 835 1205 876 sesto.

269 937 352 999 Cedo
365 939 435 998 mihi
448 951 479 999 et
491 941 587 1001 literas
601 940 676 1013 illas,
690 960 773 1020 quas,
791 963 857 1002 cum
877 942 903 1000 ei
922 961 979 1001 nou
1001 959 1108 1000 morem
1124 940 1266 1018 gesserint
1279 941 1366 1000 The·

268 1031 346 1100 bani,
357 1033 434 1090 misit
443 1032 481 1090 ad
494 1034 589 1093 socios
599 1053 667 1092 suos
678 1035 708 1092 in
719 1033 923 1112 Peloponneso
932 1033 1095 1113 Philippus:
1109 1043 1143 1091 ut
1151 1053 1187 1091 ex
1196 1033 1231 1092 iis
1242 1053 1365 1111 quoque

268 1126 456 1203 perspiciatis‚
471 1146 538 1185 eum
557 1145 654 1186 veram
669 1145 763 1185 rerum
777 1135 961 1202 susceptarum
975 1145 1103 1194 causam,
1123 1143 1228 1204 nempe
1242 1145 1274 1184 se
1294 1126 1363 1185 haec

268 1227 370 1276 contra
385 1217 528 1277 Greciam
549 1229 579 1288 et
591 1218 747 1278 Thebanos
769 1227 798 1276 et
817 1237 868 1276 vos
888 1217 989 1289 moliri,
1004 1215 1178 1286 occultasse,
1192 1219 1363 1275 communia

153 1334 160 1360 ι
267 1327 336 1368 vero
348 1329 471 1388 quaeque
485 1312 521 1369 ab
535 1311 794 1391 Amphictyonibus
809 1309 1030 1370 decernerentur
1043 1327 1128 1386 agere
1141 1329 1174 1367 se
1193 1310 1359 1370 simulasse.

267 1402 325 1466 Qui
333 1411 429 1461 autem
443 1402 496 1461 has
510 1401 537 1460 ei
549 1411 579 1460 et
587 1403 820 1482 opportunitates
829 1411 859 1461 et
868 1421 971 1462 causas
981 1401 1217 1474 subministravit,
1230 1403 1285 1461 iste
1293 1403 1359 1462 tuit.

267 1491 378 1552 Recita.

617 1633 784 1694 LITERAE
806 1634 995 1696 PHILIPPI.

295 1755 347 1801 sex
357 1753 511 1801 Mssedonnm
521 1753 646 1815 Philippus
656 1754 877 1814 Peloponnesiorum
889 1755 928 1814 qni
942 1754 965 1801 in
977 1752 1064 1799 {redere
1075 1749 1221 1798 eontinentur
1232 1751 1357 1812 magistra-

263 1829 328 1880 tibns
336 1837 361 1876 et
370 1828 545 1876 consessoribus
555 1829 700 1891 reliquisque
711 1831 782 1878 soeiis
794 1831 900 1878 omnibus
910 1831 936 1877 8.
955 1828 1068 1889 Quoniam
1082 1827 1152 1875 Inoni
1162 1827 1201 1888 qni
1212 1826 1358 1874 nominantur

265 1906 354 1961 Osoloe,
364 1904 511 1964 Amphionem
521 1904 655 1962 incolentes,
666 1906 689 1951 in
701 1907 810 1967 templum
820 1905 935 1966 Apollinis
943 1903 1081 1966 Delphicum
1089 1902 1229 1964 delinquunt,
1238 1908 1261 1948 et
1268 1909 1356 1950 terram

263 1997 351 2029 sacram
362 1989 447 2028 arrusts
457 1996 524 2028 manu
535 1982 654 2044 progressi
664 1981 813 2044 populentur,
824 1981 897 2028 habeo
907 1981 930 2028 in
947 1981 1022 2027 animo
1034 1979 1152 2026 vobiscum
1164 1980 1207 2027 deo
1221 1979 1357 2035 subvenire,

265 2074 350 2120 eosque
360 2058 400 2120 qni
411 2058 496 2120 aliquid
508 2058 620 2119 religione
637 2059 697 2118 spnd
709 2058 814 2106 homines
826 2065 983 2105 consecratum
995 2056 1082 2102 violent
1093 2054 1183 2102 ulcisci.
1209 2057 1357 2116 Quapropter

263 2134 334 2182 hein
343 2143 368 2181 ut
379 2135 434 2181 mihi
445 2150 497 2182 enm
507 2136 577 2184 ermis
588 2136 616 2181 sd
629 2135 756 2182 Phocidem
767 2137 901 2190 occurretis,
913 2142 1039 2181 commestu
1051 2131 1191 2180 instsnotiis
1204 2133 1356 2196 qnadraginta

262 2213 322 2272 dies,
330 2213 374 2261 hoo
386 2214 437 2274 ipso
446 2229 523 2261 mense
535 2214 604 2270 lanio,
615 2222 640 2261 nt
651 2229 694 2261 nos
704 2221 871 2275 computemus,
884 2221 909 2260 ut
921 2211 1082 2265 Athenienses,
1089 2211 1354 2264 Baedromionemtcu·

263 2290 351 2344 rinthii,
364 2291 472 2338 Psnemo.
489 2291 576 2338 Eosnm
588 2290 703 2352 igiturqni
714 2290 781 2338 nohis
790 2306 840 2336 eum
850 2290 956 2336 omnibus
967 2287 1042 2349 copiis
1051 2287 1290 2334 occurrerintutemnr
1299 2303 1355 2333 con·

264 2365 325 2423 silio,
336 2382 377 2414 eos
389 2383 444 2415 sero
460 2367 500 2428 qni
516 2383 541 2415 se
560 2368 679 2414 nobiseum
690 2383 735 2414 nun
747 2365 905 2426 conjunxerint
918 2363 1086 2411 mulctabimus.
1114 2363 1205 2410 Valete.

304 2481 353 2538 52.
374 2480 498 2549 Videtis,
512 2490 547 2539 ut
565 2480 689 2558 privatas
703 2481 804 2556 incepti
816 2496 920 2538 causas
938 2477 1054 2551 devitet,
1076 2486 1106 2536 et
1119 2465 1166 2536 ¹ad
1180 2477 1352 2558 Amphicty-

263 2574 363 2632 onicas
387 2573 543 2650 confugiat.
578 2572 650 2640 Quis
670 2572 758 2649 igitur
778 2572 830 2630 illi
838 2570 883 2630 his
910 2569 1113 2650 comparandis
1132 2569 1250 2648 adjutor
1272 2569 1351 2628 fuit?

262 2665 334 2732 Quis
347 2664 470 2722 latebras
483 2683 532 2722 eas
545 2662 761 2742 suppeditavit?
782 2665 854 2732 Quis
868 2663 1009 2723 malorum
1028 2682 1093 2741 quoe
1107 2661 1271 2721 inciderunt
1289 2680 1349 2721 ma·

261 2756 337 2815 xime
358 2756 553 2815 architectus?
575 2755 669 2815 Non
660 2767 717 2815 rste
730 2756 798 2816 est?
820 2741 931 2814 Nolite
937 2755 1033 2833 igitur,
1056 2752 1348 2827 Athenienses,'1nter

261 2847 505 2906 deambulandum
520 2848 627 2918 dicere,
648 2851 685 2908 ab
699 2868 758 2907 uno
770 2849 887 2908 homine
908 2848 1054 2907 Grseciam
1074 2846 1117 2907 his
1136 2848 1349 2909 calamitatibus

259 2958 325 2998 esse
338 2935 480 2996 affectam.
512 2937 580 2997 Non
593 2940 629 2997 ab
642 2958 711 3011 uno,
725 2940 778 2998 sed
791 2959 810 2998 a
822 2939 919 2998 multis
934 2948 1019 3017 atque
1034 2940 1171 3019 improbis
1185 2958 1237 3017 per
1249 2938 1349 3016 singu·

259 3030 304 3091 las
317 3030 461 3100 civitates,
473 3049 492 3088 o
506 3041 582 3090 terra
590 3032 686 3109 diique
698 3031 890 3091 immortales!
911 3051 1034 3111 quorum
1043 3052 1117 3091 unus
1126 3032 1174 3091 hic
1187 3040 1241 3101 est,
1252 3049 1349 3110 quem,

261 3123 285 3182 si
299 3124 415 3203 quidem
429 3144 528 3184 rerum
542 3123 632 3184 libere
646 3124 801 3185 dicendum
811 3125 858 3197 sit,
872 3145 930 3184 non
940 3125 1094 3183 dubitarim
1103 3144 1159 3203 ego
1167 3140 1348 3182 communem

259 3215 352 3275 lahem
376 3235 475 3276 eorum
496 3235 563 3294 quse
575 3228 678 3296 postea
694 3217 842 3297 perierunt
862 3218 989 3277 omnium
1011 3218 1169 3287 nominare,
1188 3215 1347 3287 hominum,

257 3309 398 3380 locorum,
417 3309 549 3369 urbium:
570 3310 701 3388 namqui
724 3330 823 3369 semen
841 3310 971 3387 praebuit,
987 3308 1010 3366 is
1034 3309 1142 3385 segetis
1165 3317 1267 3366 auctor
1290 3318 1345 3366 est.

259 3402 353 3466 Quem
364 3401 457 3460 statim
469 3412 502 3460 ut
511 3401 693 3481 adspexisse,
704 3421 762 3481 quo
776 3400 893 3461 tandem
902 3412 989 3479 pacto
1003 3418 1062 3458 nou
1076 3399 1136 3457 sitis
1148 3398 1282 3471 aversati,
1295 3398 1346 3457 de-

258 3492 357 3549 miror:
378 3492 429 3549 sed
442 3492 591 3553 immensa
604 3494 738 3571 quaedam
761 3494 872 3553 scilicet
892 3490 969 3571 apud
988 3511 1040 3550 ros
1061 3490 1189 3551 tenebras
1207 3500 1276 3550 suut
1294 3492 1345 3550 ob·

251 3580 341 3659 jectae
354 3582 475 3640 veritati.
509 3585 642 3663 Contigit
656 3606 725 3663 ergo
741 3586 820 3659 mihi,
840 3596 872 3645 ut
887 3584 957 3642 dum
971 3602 1020 3643 eas
1035 3603 1081 3642 res
1095 3592 1190 3643 tracto
1202 3602 1274 3661 quas
1288 3583 1344 3642 iste

257 3680 360 3731 contra
370 3672 491 3749 patriam
505 3678 608 3752 gessit,
627 3678 733 3736 adeas
752 3678 838 3737 etiam
859 3676 1035 3753 pervenerim
1056 3694 1129 3752 quos
1149 3674 1184 3733 iis
1206 3675 1344 3733 resistens

256 3765 318 3843 ipse
331 3761 540 3823 administrari:
563 3787 635 3846 quas
649 3787 717 3827 cum
730 3766 829 3826 multis
843 3766 879 3825 de
889 3766 983 3825 camis
993 3766 1137 3825 meritoex
1150 3785 1195 3824 me
1209 3764 1343 3835 audiatis,

256 3866 317 3915 tum
330 3856 368 3915 ob
381 3872 444 3933 eam
457 3856 602 3933 precipue
613 3858 691 3935 quod
705 3868 788 3937 turpe
802 3869 857 3929 est,
872 3856 1074 3931 Athenienses,
1094 3876 1216 3935 quorum
1233 3876 1288 3935 ego
1301 3856 1344 3916 ls-

254 3948 356 4006 borum
376 3916 551 4005 molestias
543 3965 622 4025 ipsas
644 3967 697 4026 pro
715 3950 797 4009 vobis
819 3949 993 4023 sustulerim,
1017 3969 1118 4009 eorum
1136 3967 1187 4008 vos
1205 3968 1243 4007 ne
1257 3950 1344 4008 verba

161 4053 164 4058 ’
255 4039 373 4117 quidem
395 4038 469 4097 velle
491 4038 642 4097 sustinere.
682 4038 758 4097 Cum
777 4040 863 4116 igitur
883 4040 1010 4099 viderem
1030 4028 1195 4109 Thebanos,
1215 4059 1250 4099 ac
1270 4058 1344 4117 pene

256 4130 351 4191 dicam
363 4150 415 4191 vos
424 4131 502 4209 ipsos
511 4132 552 4190 ita
558 4132 679 4190 istorum
692 4130 841 4190 hominum
854 4131 904 4208 qui
917 4150 982 4190 curn
997 4132 1131 4211 Philippo
1142 4132 1303 4193 sentiebant
1313 4142 1346 4189 et

254 4224 346 4301 pretio
359 4224 437 4303 apud
451 4236 590 4303 utrosque
602 4223 729 4303 corrupti
739 4222 957 4282 erantconsiliis
968 4225 1111 4285 adductos
1120 4244 1196 4295 esse,
1209 4232 1250 4293 ut,
1261 4222 1342 4301 quod

255 4324 317 4372 erat
330 4316 459 4393 utrisque
473 4317 685 4377 formidandum
698 4336 733 4375 sc
752 4335 927 4395 magnopere
940 4318 1110 4389 cavendum,
1125 4336 1161 4376 ne
1176 4314 1341 4393 Philippum

254 4424 385 4465 creseere
399 4409 534 4483 sineritis,
548 4411 578 4470 id
591 4410 745 4490 negligatis
764 4409 899 4490 nullaque
919 4412 950 4471 in
963 4430 993 4470 re
1011 4410 1147 4481 caveatis,
1167 4407 1206 4469 ad
1221 4406 1342 4467 inimici-
