2934 5000
184 277 188 282 ’
228 296 291 356 eoo
644 287 701 352 nn
721 287 906 358 conoul.

230 457 286 510 ret.
325 443 403 508 Nem
424 443 534 506 sihmo
556 443 630 506 eitra
650 453 800 505 emtamen
822 439 1001 514 tradidisset,
1013 453 1069 520 pto
1089 437 1194 518 qubus
1213 436 1335 498 nullum

231 559 293 602 uon
304 539 463 620 periculum
478 537 603 618 maiores
624 537 719 598 nostri
742 535 908 608 subiissent,
923 533 989 616 quis
1003 551 1062 593 nou
1075 540 1105 592 te
1126 541 1333 610 eouspumret,

230 634 380 692 AEscliset
399 631 476 690 absit
498 628 576 690 euim
597 637 632 689 ut
654 629 802 689 civitatem
826 626 933 700 dicem,
956 635 1008 686 sut
1028 643 1085 685 me.
1126 623 1243 690 Quibus
1255 629 1358 686 vero·

229 723 323 784 oculis
335 741 391 803 pro
402 721 534 801 Jupiter!
548 721 681 782 homines
691 719 869 780 intueremur
880 719 931 796 qui
945 719 975 778 iu
989 716 1066 778 benc
1073 717 1174 776 urbem
1183 715 1330 790 venirent,

230 815 257 876 si
268 816 353 876 resin
366 833 433 875 eum
441 831 500 893 quo
513 830 594 873 nnnc
607 821 679 872 sunt
690 813 788 872 iocum
798 811 998 882 devenissent,
1010 827 1046 869 ec
1059 807 1120 868 dux
1132 805 1332 888 dominusque

229 907 359 968 omnium
380 904 604 966 constitueretur
626 903 790 984 Philippus,
812 901 1030 963 contentionem
1051 910 1149 961 eutem
1161 899 1227 960 boec
1240 909 1276 960 ut
1288 919 1329 961 ne

230 999 335 1060 fierent
342 998 391 1060 alii
408 998 471 1058 sine
484 997 568 1057 nobis
581 996 731 1058 iniissent!
745 995 833 1075 idque
845 1001 913 1056 curu
926 995 990 1055 hieu
1001 993 1102 1054 civita
1113 1011 1264 1071 nunquam
1276 1013 1329 1053 su·

228 1091 334 1171 periuri
347 1101 476 1168 tempore
494 1087 681 1150 securitatem
699 1088 854 1168 inglorium
875 1087 968 1168 pluris
989 1105 1076 1165 quam
1095 1084 1259 1166 periculum
1272 1105 1328 1165 pro

185 1191 194 1200 “
229 1183 316 1244 rebus
328 1181 459 1244 honestis
470 1191 643 1262 suseepbrm
655 1181 767 1241 iecerit.
808 1180 881 1248 Quis
894 1179 973 1240 enim
986 1177 1167 1250 Groecorum,
1179 1176 1245 1256 quis
1257 1179 1328 1238 bar-

229 1275 366 1337 bssorum
378 1273 483 1346 nescit,
497 1283 528 1334 et
539 1273 695 1334 'lhebenos
704 1273 813 1352 quique
827 1281 896 1333 aute
909 1287 961 1333 eos
973 1269 1124 1350 pollebant
1138 1269 1328 1330 bacedaemo-

229 1367 293 1428 nios
301 1377 333 1428 et
343 1367 439 1448 ipsum
452 1364 609 1427 Persarum
621 1384 720 1447 regem
734 1363 829 1425 mults
841 1383 910 1425 eum
924 1364 1017 1444 mutia
1029 1362 1103 1422 illud
1116 1361 1242 1422 libenter
1253 1363 1326 1422 civi-

130 1468 133 1476 '
229 1460 284 1522 tati
296 1469 404 1521 neruo
425 1459 517 1519 luisse
531 1477 736 1532 concessuros,
756 1466 791 1518 ut
812 1455 953 1537 quicquid
965 1455 1054 1516 vellet
1067 1455 1217 1534 acciperet
1228 1463 1259 1514 et
1271 1473 1327 1516 sue

228 1553 376 1624 retineret,
389 1551 415 1611 si
426 1549 516 1611 ruodo
527 1551 649 1631 imperio
659 1553 871 1631 obsequeretur
883 1547 1064 1627 elteruurque
1078 1545 1204 1607 Graeciae
1217 1547 1325 1627 princi-

228 1656 300 1726 pstu
311 1645 398 1726 potiri
410 1643 527 1704 sineret.
567 1643 677 1704 Verum
690 1643 839 1704 enimvero
851 1659 910 1701 non
925 1649 1010 1701 erent
1019 1639 1085 1700 haec
1097 1637 1326 1700 Atheniensibus

227 1737 329 1817 priscis
342 1735 420 1796 erite
432 1752 529 1813 neque
541 1733 663 1794 ferenda
675 1753 771 1814 neque
779 1733 881 1806 insite,
894 1750 990 1812 neque
1002 1731 1098 1811 potuit
1115 1732 1153 1791 eb
1167 1733 1244 1791 omni
1258 1751 1324 1793 seso

227 1829 381 1908 quisquam
401 1843 533 1910 uuquam
553 1824 719 1904 reipublice
738 1825 914 1905 persuadere
927 1832 961 1884 ut
973 1823 1149 1904 potentibus,
1163 1823 1323 1903 iisdemque

226 1916 521 2004 iniqnsiecientibus,
535 1915 678 1980 addicens
697 1936 731 1978 se
750 1927 814 1978 tuto
833 1917 962 1989 serviret,
976 1915 1046 1996 quin
1059 1935 1113 1997 per
1125 1933 1238 1976 omnem
1248 1925 1323 1976 retu·

226 2021 287 2074 tem
308 2009 347 2072 de
369 2007 534 2089 principuus
556 2009 727 2090 honoreque
751 2019 782 2071 et
804 2009 897 2090 gloria
915 2007 1078 2070 decertavit
1097 2017 1128 2070 et
1141 2007 1172 2067 in
1184 2007 1325 2088 periculis

122 2160 126 2168 ι
226 2110 344 2162 serssta
355 2111 410 2160 est.
450 2100 547 2178 Atque
568 2101 634 2161 brec
653 2110 715 2162 tem
738 2101 903 2182 splendide,
917 2101 1094 2162 temsmtris
1107 2101 1237 2162 moribus
1251 2119 1325 2163 cou-

227 2205 369 2258 sentence
381 2211 447 2254 esse
456 2192 622 2273 judicastis,
636 2205 671 2254 ut
682 2194 806 2275 majores
816 2205 943 2266 nostros,
953 2213 1004 2254 eos
1014 2194 1063 2274 qui
1077 2194 1142 2256 boee
1156 2203 1323 2274 gesserunt,

227 2287 361 2350 maximis
384 2284 521 2346 laudibus
539 2284 677 2346 efferetis.
720 2287 825 2366 Neque
849 2287 963 2367 injuria.
1005 2286 1079 2355 Quis
1095 2287 1173 2346 enim
1186 2287 1323 2348 virtutem

224 2381 341 2458 illorum
353 2379 479 2439 virorum
489 2397 548 2438 non
562 2376 729 2450 admiretur,
744 2379 794 2457 qui
806 2379 908 2456 patries
918 2377 1012 2438 solum
1022 2387 1108 2456 etque
1121 2379 1234 2450 urbem,
1250 2398 1321 2440 con·

227 2474 340 2536 mensis
352 2470 487 2543 nasibus,
500 2465 664 2549 relinquere
683 2485 744 2529 non
761 2465 943 2541 dubitarunt,
963 2487 1001 2528 ne
1021 2469 1142 2548 imperio
1161 2473 1319 2550 peterent?

226 2576 316 2646 etque
327 2566 416 2641 huius
428 2562 548 2643 quidem
569 2561 684 2623 consilii
707 2568 855 2620 auctorem
871 2558 1101 2623 Tbemistoclem
1120 2561 1322 2643 impereturem

227 2660 411 2738 delegerunt,
424 2672 493 2715 eum
505 2672 575 2736 verq
588 2654 638 2731 qui
647 2652 809 2733 perandum
824 2651 972 2734 imperetis
992 2653 1108 2715 censuit
1120 2654 1267 2734 Cyrsilum
1279 2658 1323 2719 ls-

201 2820 204 2828 1
226 2749 345 2831 pidibus
357 2750 526 2819 obruerunt,
532 2762 631 2824 neque
643 2762 711 2804 eum
719 2744 826 2818 solum,
834 2744 887 2805 sed
896 2753 927 2805 et
937 2746 1073 2807 mulieres
1083 2756 1188 2807 vestre
1202 2768 1321 2811 uxorem

214 2841 302 2918 ejus.
341 2838 409 2897 Non
423 2838 501 2897 enim
514 2836 687 2916 querebant
698 2835 786 2915 prisci
799 2836 841 2897 illi
861 2836 1057 2901 Athenienses
1070 2858 1166 2919 neque
1176 2840 1321 2903 rhetorem

225 2949 321 3009 neque
332 2930 545 3009 imperatorem,
565 2928 650 3006 eujus
672 2946 765 3008 opere
786 2927 908 2989 feliciter
920 2929 1079 2992 servirent:
1101 2932 1155 2993 sed
1169 2952 1264 3013 neque
1277 2935 1321 2993 si·

224 3022 353 3085 sendum
367 3020 422 3081 sibi
441 3019 625 3101 judicabant,
638 3020 695 3080 uisi
716 3039 784 3080 cum
804 3019 940 3083 libertste
952 3023 1049 3085 sisere
1062 3022 1171 3086 liceret.
1214 3026 1323 3089 Existi·
1344 3062 1351 3069 -

225 3115 326 3176 mahat
337 3113 416 3174 enim
429 3130 530 3174 eorum
542 3112 666 3194 quisque
678 3130 739 3172 nou
751 3111 847 3173 solum
859 3114 936 3194 patri
948 3134 980 3175 ss
993 3125 1024 3176 et
1032 3116 1117 3177 matri
1130 3127 1232 3177 netum
1241 3137 1321 3191 esse,

140 3220 147 3232 ’
224 3208 427 3270 verumetiam
440 3206 550 3287 patrie.
591 3205 673 3274 Quid
686 3223 756 3267 sero
768 3206 912 3267 iuteresti
931 3207 1012 3285 quod
1032 3208 1066 3282 is,
1080 3208 1131 3289 qui
1144 3213 1319 3291 separenti.

224 3304 280 3362 bus
290 3301 385 3362 solum
396 3311 498 3361 natum
507 3318 573 3359 esse
580 3298 744 3370 erbitratur,
752 3308 875 3360 mortem
883 3318 971 3378 quem
981 3299 1074 3361 letum
1087 3321 1123 3363 ee
1131 3313 1237 3365 neturs
1247 3303 1320 3366 affe·

223 3405 271 3454 ret
283 3391 476 3471 exspectabit,
482 3391 534 3471 qui
542 3400 641 3452 eutem
651 3395 684 3451 'et
694 3392 808 3471 patrite,
818 3400 851 3451 ut
863 3410 901 3453 ne
915 3410 979 3453 eam
994 3393 1101 3455 servire
1112 3394 1219 3469 videet,
1228 3397 1320 3458 emori
1341 3370 1350 3401 ¹

222 3484 407 3565 preoptabit,
418 3492 450 3544 et
461 3483 554 3562 mngis
567 3483 741 3545 metuendus
751 3502 815 3544 esse
824 3483 914 3545 ducet
922 3484 1114 3547 contumelias
1127 3485 1321 3565 ignominias-

223 3594 293 3655 que,
305 3593 379 3654 ques
391 3573 546 3635 incivitate
558 3575 695 3635 servienti
707 3576 835 3656 perferre
848 3586 894 3638 est
907 3596 1039 3651 neeesse,
1048 3597 1136 3657 quem
1144 3580 1304 3644 interitum.

263 3668 315 3729 60.
334 3666 366 3725 Si
379 3666 470 3745 igitur
481 3666 646 3728 hoedicere
657 3668 851 3744 instituerem,
863 3689 910 3731 me
923 3670 1005 3731 vobis
1019 3682 1169 3733 sumerem
1181 3673 1273 3735 luisse
1285 3686 1320 3736 ut

223 3761 339 3843 spirius
348 3757 507 3838 majoribus
519 3758 624 3819 vestris
638 3760 746 3839 dignos
766 3761 933 3837 sumeretis,
946 3782 1033 3825 nemo
1046 3764 1177 3844 proiecto
1187 3774 1236 3825 est
1247 3767 1320 3845 quin

224 3874 272 3917 me
280 3856 348 3937 jure
359 3848 563 3931 reprehendet.
605 3849 695 3913 Nunc
707 3870 765 3933 ego
776 3864 876 3915 vestre
888 3874 952 3917 esse
965 3854 1030 3917 hec
1042 3856 1176 3918 institute
1188 3856 1320 3933 dectus,

223 3958 414 4025 monstroque
432 3942 522 4002 etiam
534 3951 602 4003 ente
621 3960 689 4003 mee
707 3954 841 4024 tempore
858 3946 913 4007 hos
928 3946 1020 4007 luisse
1033 3948 1149 4027 spiritus
1161 3966 1199 4009 sc
1212 3936 1319 4012 sensus

222 4038 407 4111 civitatique
419 4033 571 4095 ministerii
583 4032 703 4114 quidem
712 4038 868 4115 partemin
882 4036 1005 4117 siugulis
1020 4042 1107 4101 rebus
1120 4041 1211 4121 gestis
1220 4042 1260 4103 ad
1270 4062 1319 4105 me

223 4150 340 4213 quoque
351 4127 533 4191 referendam
543 4147 610 4189 esse
624 4127 709 4189 dico:
730 4138 763 4189 at
774 4129 840 4203 iste,
854 4130 925 4190 dum
943 4128 1093 4193 summam*
1110 4152 1171 4193 rem
1190 4133 1319 4196 insecte-

222 4234 281 4295 tur,
293 4242 405 4301 rosque
418 4220 487 4281 mihi
507 4219 638 4281 infensos
658 4239 725 4281 esse
738 4220 826 4302 jubet
844 4231 878 4283 ut
897 4222 948 4301 qui
960 4223 1103 4284 timorum
1123 4245 1159 4287 ee
1172 4226 1320 4299 diseumi·

222 4332 293 4375 num
302 4314 469 4393 reipublicae
480 4333 572 4376 cause
582 4312 696 4388 fuerim,
709 4332 757 4375 me
770 4313 889 4393 quidem
896 4314 1037 4395 ‚presenti
1050 4326 1222 4379 ornamento
1235 4320 1320 4399 cupit

222 4404 393 4488 exspoliare,
405 4405 488 4467 vobis
500 4424 569 4467 sero
584 4406 763 4487 sempiterne
772 4408 919 4488 preconis
931 4406 1051 4489 eripere.
1083 4408 1115 4469 Si
1129 4408 1318 4491 cumquest
