2934 5000
284 292 343 363 aee
533 382 538 393 Ι
569 298 744 385 course
765 298 1085 361 suosorrorrasr.

262 439 264 447 '
282 448 394 517 Telesti
409 446 628 515 adolescentulo
647 460 768 532 (nomen
786 454 864 517 enim
883 471 943 513 non
956 452 1106 529 occurrit),
1120 462 1152 511 et
1162 452 1224 511 fere
1237 453 1381 531 aquibus

282 546 391 627 exegit,
405 566 444 611 ne
464 548 580 625 singula
592 562 761 627 persequar,
774 546 854 609 haud
868 546 931 605 scio
943 564 981 607 an
1002 544 1080 604 ultra
1087 544 1199 604 minam
1214 545 1253 602 ab
1264 544 1331 603 nilo
1342 564 1381 605 ex

282 640 418 699 omnihus
431 638 569 717 exegerit,
605 636 709 697 Utrum
724 628 813 717 igituir
824 638 1052 717 putatishorum
1069 634 1216 713 quemque
1235 655 1317 712 segre
1330 648 1380 694 tu·

282 726 359 801 lia'se,
372 740 403 791 et
416 730 529 789 hostem
543 731 570 789 ei
579 731 692 789 t‘actnm
705 728 825 809 propter
837 729 977 788 tributum
990 726 1084 785 iilud:
1110 746 1148 785 aa
1161 727 1251 785 alium
1264 746 1380 797 sorum,

281 822 362 899 quod
382 818 463 881 vohis
477 822 610 880 omnihus
623 820 808 880 audientibus
828 838 943 881 serrum
962 838 1030 878 eum
1051 818 1214 897 appellarit,
1232 828 1266 877 et
1284 820 1379 877 serris

279 922 465 991 prognatum,
479 912 558 990 quod
572 932 640 972 eum
655 922 821 972 sextantem
839 914 979 971 bonomm
999 912 1127 990 pendere
1138 929 1208 970 cnm
1225 910 1379 988 inquilinis

280 1015 413 1084 oportere
433 1004 553 1063 dixerit:
574 1004 672 1077 alium,
690 1004 802 1083 quode
824 1014 922 1063 morto
940 1003 1106 1081 suscepisse
1127 1002 1253 1061 liberos:
1274 997 1376 1073 uiam:

278 1094 359 1172 quod
380 1102 492 1173 patrem
518 1094 583 1172 ejus
603 1095 788 1173 prostituisse
807 1092 993 1173 pudicitiam:
1020 1092 1121 1164 alium,
1143 1092 1224 1169 quod
1250 1102 1376 1150 mstrem

280 1182 344 1263 ejus'
355 1194 498 1263 quaestum
512 1184 618 1245 secisse
628 1186 715 1245 dixit:
730 1186 820 1244 alium
829 1202 979 1243 recensere
990 1185 1089 1261 jussit,
1100 1184 1171 1262 quid
1184 1200 1225 1242 ex
1232 1183 1375 1262 peculatu

279 1278 448 1335 coensem-2
466 1276 496 1334 in
508 1276 581 1335 alios
589 1278 645 1337 aiis
654 1276 811 1336 maledicta
815 1276 899 1355 jecit,
910 1290 1012 1335 omnes
1025 1275 1152 1352 deniqne
1165 1274 1268 1345 ordine
1276 1274 1375 1333 fandis

228 1362 239 1377 “
278 1366 477 1447 infandisque
490 1368 601 1447 probris
623 1379 654 1428 et
678 1368 818 1429 conviciis
842 1366 1012 1427 lacessivit?
1033 1366 1111 1425 Nam
1134 1384 1191 1444 ego
1213 1384 1289 1425 sans
1313 1368 1375 1425 seio

278 1478 391 1531 omnes,
398 1460 428 1519 in
440 1476 513 1537 quos
521 1460 577 1519 ists
586 1468 633 1519 est
642 1458 851 1529 debacchatus,
862 1458 1002 1517 tributum
1012 1456 1284 1517 necessariamesss
1293 1476 1374 1515 snm·

277 1560 361 1629 ptum
387 1548 583 1609 existimasse:
605 1550 658 1609 sed
684 1551 722 1609 ad
742 1568 810 1609 enm
832 1549 951 1609 modum
964 1547 1171 1607 contumeliam
1189 1548 1244 1606 sibi
1265 1548 1374 1609 factam

148 1626 153 1646 “
277 1660 355 1719 egre
367 1640 480 1699 tuum.
509 1641 587 1707 ouri
605 1652 636 1700 et
647 1640 722 1704 uuo
734 1641 806 1710 suo,
824 1638 1167 1699 attoarensium
1185 1657 1203 1697 a
1221 1638 1320 1708 vona,
1342 1647 1375 1697 o

278 1732 431 1809 pecuniam
454 1732 592 1809 exigeret,
617 1750 677 1790 non
691 1742 725 1790 ut
745 1752 801 1791 sua
817 1729 923 1809 cuique
946 1730 1025 1793 maia
1045 1729 1184 1808 objiceret
1205 1738 1237 1788 et
1265 1746 1372 1808 oppro-
1452 1771 1453 1780 η

277 1824 385 1881 bearet.
417 1823 492 1889 Quo
515 1822 540 1881 'si
559 1840 628 1880 vcra
649 1823 778 1893 suerunt,
795 1821 921 1880 tacenda
938 1820 992 1880 tihi
1012 1820 1275 1890 fuerant-muita
1293 1820 1373 1879 enim

277 1912 411 1972 omnihus
425 1913 509 1971 nohis
530 1912 614 1971 aliter
633 1912 783 1983 eveniunt,
803 1931 892 1990 quam
913 1912 1106 1981 vellemus-,
1128 1910 1174 1971 sin
1192 1911 1270 1971 falso
1290 1930 1372 1971 oom-

231 2077 238 2087 =
278 2003 479 2074 minisoebare,
493 2022 591 2063 nonne
604 2004 705 2081 quovis
719 2003 863 2083 supplicio
875 2004 984 2082 dignus
997 2003 1055 2063 esi
1076 2039 1102 2063 ‚x
1199 2032 1203 2042 ·
1361 2018 1365 2025 ·
1452 2055 1453 2078 ,

321 2096 368 2154 18.
388 2094 455 2153 Jam
468 2111 504 2154 ex
522 2093 567 2153 his
585 2114 651 2174 qum
672 2088 843 2174 sequuntur,
864 2094 1028 2155 evidentius
1048 2094 1227 2174 intelligetis,
1245 2096 1371 2167 inrisum
1452 2139 1453 2166 ,

276 2186 363 2246 istum
376 2204 440 2247 esse
462 2186 608 2257 omnibus,
628 2206 686 2247 non
700 2198 823 2266 propter
841 2189 1033 2254 exactionem,
1053 2187 1106 2246 sed
1125 2186 1246 2267 propter
1262 2188 1371 2247 &tam

277 2274 402 2355 singulis
423 2277 628 2337 contumeliam
646 2288 677 2338 et
695 2276 963 2337 debacchationem.
986 2280 1108 2358 Satyrus
1125 2280 1201 2337 enim
1224 2280 1370 2339 nsralinm

276 2376 403 2439 curator,
415 2385 475 2427 non
489 2380 601 2447 septem
615 2369 726 2429 talenta
739 2368 822 2428 vobis
835 2368 941 2447 exegit,
950 2367 1002 2429 sed
1015 2381 1141 2447 quatuor
1150 2380 1181 2428 et
1190 2370 1322 2448 triginta,
1333 2375 1371 2432 ab

273 2455 379 2520 iisdem
391 2460 448 2521 iliis
468 2458 643 2538 hominihus,
657 2460 737 2521 unde
750 2460 931 2522 armamenta
943 2461 1140 2542 suppeditavit
1158 2463 1285 2522 naribus
1302 2484 1370 2542 qum

275 2551 420 2630 ablegatur
438 2562 516 2611 sunt.
543 2553 611 2620 Qua
630 2551 774 2613 de'causa
794 2573 848 2612 nec
868 2553 918 2613 iiie
936 2555 991 2614 sibi
1011 2571 1188 2634 quemquam
1208 2555 1282 2616 dicit
1301 2577 1370 2618 esse

274 2645 433 2716 inimicum,
456 2664 550 2723 neque
564 2647 812 2724 eorumaqurbus
829 2641 1009 2724 exegit'itto,
1032 2650 1186 2727 quisquam
1207 2649 1235 2707 ei
1256 2650 1369 2708 beilum

274 2735 389 2796 indixit.
417 2735 558 2794 Nimirum
573 2737 607 2812 is,
619 2737 700 2814 quod
714 2734 882 2796 mandatum
895 2739 999 2808 fueret,
1015 2739 1093 2816 egit:
1113 2743 1145 2798 tri
1158 2759 1228 2799 rero
1239 2751 1301 2798 tuoe
1314 2761 1368 2818 pe·
1451 2770 1452 2799 i

274 2825 405 2884 tutantis
426 2837 456 2883 et
471 2826 604 2886 audaciae
617 2827 733 2886 licentia
748 2825 850 2905 partu,¹
860 2828 993 2888 homines
1013 2831 1177 2910 sumptibus
1199 2830 1368 2908 reipublice

274 2917 389 2976 collatis
411 2916 580 2990 exhaustos,
604 2927 634 2976 et
652 2929 682 2976 te
704 2919 849 2990 meliores,
871 2929 903 2979 et
924 2921 1089 2980 melioribus
1113 2933 1191 2982 ortos
1209 2922 1367 2990 natalibus,

273 3007 354 3066 falsis
367 3016 397 3066 et
410 3007 554 3066 atrocibus
568 3009 681 3087 probris
699 3008 844 3068 incessere
854 3009 983 3070 voluisti.
1009 3012 1141 3071 credent
1151 3010 1242 3089 igitur
1249 3012 1366 3090 judices

272 3108 303 3158 te
314 3098 359 3158 sui
373 3095 470 3158 studio
482 3097 587 3158 fecisse
600 3099 666 3172 ists,
679 3109 711 3158 et
724 3109 784 3158 tute
793 3099 983 3179 impudentias
995 3115 1027 3162 et
1035 3102 1222 3181 improbitatis
1236 3103 1368 3163 facinora

271 3191 302 3250 in
314 3177 496 3270 ‘semetipsos
510 3191 771 3251 transmovebunt?
792 3192 886 3251 Immo
898 3194 1012 3272 sequius
1025 3206 1055 3254 te
1068 3195 1183 3256 oderint
1200 3205 1366 3274 propterea,

272 3294 361 3362 quam
384 3282 608 3343 consecrabunt
655 3283 712 3350 Qui
733 3282 810 3341 enim
834 3283 945 3362 aliquid
970 3287 1033 3364 agit
1055 3305 1107 3363 pro
1126 3289 1230 3366 repub.
1251 3287 1364 3365 reipub.

271 3389 368 3433 mores
378 3373 485 3432 imitari
497 3373 601 3442 debete
616 3375 695 3452 quod
709 3375 760 3452 qui
774 3374 894 3446 faciunt,
905 3393 956 3434 eos
968 3377 1053 3445 tueri,
1065 3377 1269 3449 Athenienses,
1279 3377 1364 3437 istius

270 3473 369 3522 sutem
378 3465 485 3523 similes
495 3465 545 3542 qui
555 3475 632 3534 sunt,
641 3463 873 3527 odissedebe'tis.
894 3465 1058 3526 liiudenim
1068 3467 1226 3527 scientibus
1236 3468 1364 3528 sortasse

269 3555 361 3624 robis,
384 3553 437 3614 sed
451 3553 675 3631 tamen‘dicam3
697 3557 916 3635 qualescunque
940 3558 1031 3616 amari
1052 3577 1072 3618 s
1090 3559 1172 3618 vobis
1198 3559 1364 3620 enodandi

197 3720 200 3734 ,
269 3644 424 3716 constabit,
438 3645 473 3704 iis
486 3645 593 3711 similes
603 3665 668 3707 esse
684 3667 735 3708 ros
748 3649 903 3727 putabunt.
1025 3656 1032 3662 ”

312 3737 360 3796 19.
382 3735 478 3813 Atque
492 3735 567 3796 adeo
579 3757 646 3796 eum
659 3756 701 3797 aes
715 3735 843 3798 alienum
857 3739 1025 3817 nequidem
1038 3741 1187 3820 redegisse
1199 3761 1252 3820 pro
1262 3743 1359 3813 vohis,

266 3825 298 3888 id
311 3822 426 3905 quoque
441 3825 538 3884 statim
551 3828 717 3888 ostendam*
734 3831 767 3888 Si
775 3830 841 3906 quis
854 3829 932 3888 enim
944 3849 1010 3888 eum
1022 3833 1119 3910 roget,
1135 3833 1193 3891 utri
1208 3834 1361 3893 nimocen-

266 3921 354 3978 tiores
373 3937 436 3976 esse
449 3917 558 3976 civitati
572 3917 733 3998 videantur,
747 3920 923 3998 agricolans
936 3931 967 3980 et
979 3923 1069 4000 parci,
1083 3923 1134 4000 qui
1145 3914 1265 4001 propter
1277 3925 1360 3984 slen-

266 4009 322 4070 dos
335 4009 450 4080 liberos,
471 4018 502 4068 et
519 4008 695 4070 domesticos
716 4021 862 4090 sumptus,
875 4022 909 4071 et
924 4013 982 4072 alia
1001 4033 1123 4073 munera
1143 4015 1232 4086 obita,
1250 4017 1361 4077 tributa

266 4101 473 4160 deseruerunt:
495 4119 532 4158 an
542 4100 596 4178 qui
611 4099 687 4160 uitro
701 4101 839 4160 collatam
858 4104 1013 4180 pecuniam
1027 4124 1093 4164 cum
1110 4107 1152 4164 ab
1166 4107 1240 4176 aliis,
1258 4097 1320 4166 tum
1340 4129 1360 4168 s

138 4191 142 4196 '
266 4191 353 4249 sociis
369 4191 504 4250 furantur
516 4203 547 4250 et
559 4192 701 4269 perdunt:
723 4211 782 4250 oon
797 4211 834 4252 eo
847 4194 992 4268 nimirum,
1005 4199 1138 4275 quamvis
1152 4198 1277 4258 frontem
1290 4221 1361 4279 per-

264 4281 401 4353 ideusrit,
415 4283 600 4362 impudentias
613 4281 720 4352 veniet,
740 4293 775 4342 ut
786 4283 875 4356 dicat,
892 4305 948 4346 ,eos
970 4287 1021 4366 qui
1033 4308 1090 4348 sua
1108 4307 1169 4349 non
1189 4291 1357 4362 conferunt,

265 4389 331 4432 esse
344 4374 525 4448 nooentiorss
538 4373 586 4444 iis,
604 4373 654 4451 qui
667 4373 801 4435 erarium
814 4375 1046 4456 depeculsnturq
1055 4381 1122 4448 Qus
1133 4381 1223 4460 igitur
1234 4383 1357 4446 tandem
