2934 5000
500 337 744 400 PHILIPPICA
763 338 819 400 tv,
1149 342 1203 402 lor

113 491 183 554 nota
197 506 267 554 sunt
278 489 411 556 fortasse.
452 492 499 556 Ea
511 493 621 567 tamen,
633 505 697 556 tum
705 494 845 574 neglecta
851 503 888 554 et
899 492 1048 574 despecta,
1056 493 1208 574 perdidere

113 585 263 646 Thraciam
275 595 306 646 et
315 585 532 666 Oersobleptem
545 587 656 646 socium
666 596 807 659 uestrum.
850 585 965 645 Rursus
975 586 1129 666 esnagiigi
1139 606 1207 646 cum

113 678 235 750 videret,
259 689 290 740 et
312 679 400 738 nullis
424 678 543 739 delendi
562 681 665 740 vestris
690 679 817 748 auxiliis,
840 679 955 738 subruit
974 678 1156 747 Porthmum,
1176 689 1209 740 et

113 770 295 848 tyrannidem
310 791 327 830 e
341 772 458 848 regione
469 772 584 843 Atace,
599 781 739 850 tanquam
752 769 873 842 vallum,
884 771 968 829 vobis
980 770 1090 849 objecit
1103 771 1133 829 in
1147 772 1208 830 Eu-

113 861 190 922 boea.
246 863 313 922 Hac
332 864 477 942 neglecta,
500 863 655 941 Megaram
668 865 746 942 cepit
763 862 982 942 propemodum.
1024 861 1104 920 Nihil
1122 881 1206 923 cura·

112 954 174 1024 stis,
190 975 283 1033 neque
302 955 438 1014 commoti
453 954 522 1013 estis
536 955 637 1014 harum
647 975 745 1015 rerum
758 955 830 1024 nlla,
844 975 941 1033 neque
955 953 1127 1014 ostendistis
1140 955 1207 1026 hoc,

110 1063 164 1104 vos
177 1047 204 1104 ei
217 1045 280 1106 haec
295 1066 383 1125 agere
403 1065 461 1104 non
481 1047 683 1124 permissuros.
723 1047 873 1106 Antronas
886 1047 973 1105 emit:
994 1055 1026 1106 et
1038 1065 1095 1105 uon
1115 1047 1208 1106 multo

111 1148 190 1218 post,
205 1139 273 1199 Orei
287 1139 398 1218 potitus
411 1150 466 1199 est.
493 1138 592 1198 Multa
598 1150 752 1217 praetereo,
765 1139 887 1208 Pheras,
897 1139 952 1196 iter
964 1138 993 1196 in
1007 1140 1208 1211 Ambraciam,

110 1231 208 1290 caedes
219 1231 248 1290 in
264 1231 360 1302 Elide,
375 1231 432 1290 alia
445 1229 576 1290 infinita:
598 1249 658 1290 non
671 1231 749 1289 enirn
762 1238 796 1287 ut
815 1248 866 1289 eos
878 1247 1088 1298 enumerarem,
1101 1231 1207 1307 quibus
1334 1276 1337 1283 .

110 1323 169 1382 uias
181 1333 212 1382 et
221 1322 353 1402 injuriam
365 1321 437 1381 fecit
450 1322 613 1400 Philippus,
628 1320 692 1381 haec
706 1322 839 1380 recensui
851 1341 859 1386 ;
882 1321 935 1378 sed
949 1330 983 1378 ut
994 1320 1051 1378 hoc
1063 1321 1142 1380 uobis
1159 1341 1209 1381 os·

110 1414 274 1486 tenderem,
289 1425 348 1474 non
363 1413 525 1472 desiturum
536 1415 643 1472 omues¹
651 1413 788 1472 mortales
802 1429 918 1483 vexare,
932 1411 1031 1470 omnia
1048 1429 1110 1470 suae
1124 1413 1210 1474 ditio·

109 1507 160 1566 nis
173 1507 272 1566 faeere
286 1507 463 1585 Philippum,
472 1506 528 1566 nisi
542 1506 607 1584 quis
619 1525 685 1564 eum
700 1503 888 1584 prohibuerit.

153 1602 184 1658 4.
206 1597 283 1657 Sunt
295 1609 394 1658 autem
408 1597 524 1676 quidam
538 1598 599 1676 qni,
612 1597 780 1675 priusquam
794 1596 832 1654 de
849 1597 937 1654 rebus
950 1597 1095 1657 orationes
1108 1597 1209 1657 audie-

108 1689 180 1761 rint,
194 1690 292 1750 statim
311 1692 488 1768 interrogare
503 1689 626 1759 soleant,
647 1688 718 1766 quid
738 1687 826 1766 igitur
847 1687 1076 1766 satagendum:
1098 1709 1155 1748 uon
1176 1699 1209 1749 at

108 1801 180 1842 cum
193 1781 336 1841 audierint
354 1780 475 1851 saciant,
493 1793 591 1841 essent
611 1781 688 1840 enim
703 1789 760 1837 tum
779 1779 910 1838 omnium
924 1780 1086 1848 utilissimi;
1109 1784 1162 1842 sed
1177 1794 1211 1842 ut

108 1885 227 1934 oratore
240 1873 405 1934 liberentur.
448 1872 613 1934 Dicendum
628 1883 727 1931 tamen
742 1883 797 1943 est,
811 1869 884 1950 quid
897 1871 936 1930 sit
948 1872 1105 1950 agendum.
1147 1874 1209 1934 Pri·

107 1985 204 2038 mum,
219 1965 426 2036 Athenienses,
438 1965 494 2024 hoc
515 1975 596 2026 oertu
607 1964 686 2044 apud
698 1983 752 2024 uos
765 1966 954 2024 statuendum
971 1974 1028 2036 est,
1042 1965 1210 2046 Philippum

107 2057 218 2118 bellum
232 2077 332 2135 gerere
345 2076 413 2116 eum
431 2067 533 2116 nos'tm
545 2057 704 2135 republica,
718 2066 748 2116 et
764 2057 887 2116 soluisse
899 2075 1017 2136 pacem:
1038 2070 1069 2118 et
1081 2060 1209 2120 malevo-

108 2150 173 2208 lum
187 2158 273 2226 atque
285 2148 400 2206 hostem
415 2164 481 2206 esse
495 2148 548 2206 toti
561 2148 627 2206 urbi
642 2156 672 2206 et
686 2147 750 2206 solo
760 2148 852 2218 urhis,
865 2147 973 2208 addam
988 2150 1077 2210 etism
1089 2151 1146 2210 diis
1159 2173 1209 2212 un·

113 2240 210 2312 banis,
227 2239 276 2318 qui
287 2257 355 2298 euru
372 2237 514 2317 perdant:
536 2257 604 2298 oum
623 2236 704 2297 nulla
718 2258 750 2296 re
763 2247 861 2298 tumen
879 2258 962 2321 teque
976 2239 1087 2299 bellum
1100 2261 1212 2320 gerere,

110 2343 146 2394 ut
168 2351 234 2390 eum
257 2331 350 2390 sorma
363 2328 530 2408 reipublicae
541 2353 549 2398 ς
569 2339 666 2408 neque
680 2330 837 2407 quicquam
850 2329 931 2388 uliud
944 2329 1061 2390 molitur
1073 2351 1126 2411 per
1138 2335 1210 2394 insi·

110 2425 177 2486 dias
192 2443 228 2484 ac
242 2423 399 2484 meditatur
415 2422 516 2501 magis,
534 2441 623 2501 quam
638 2431 671 2482 ut
684 2439 748 2482 eam
764 2420 905 2480 destruat.
937 2419 1209 2498 quueneeenario

111 2516 330 2597 quodammodo
351 2536 429 2575 nunc
448 2515 566 2594 quidem
587 2514 661 2593 agit:
683 2524 818 2593 reputate
841 2514 929 2573 enim.
973 2515 1119 2594 Imperare
1136 2519 1210 2579 vult.

112 2615 185 2694 Ejus
199 2614 238 2673 rei
257 2612 439 2673 adversarios
459 2611 536 2671 solos
555 2630 620 2671 esse
635 2629 687 2670 vos
704 2608 863 2669 existiurat.
906 2608 1033 2687 injurius
1052 2621 1098 2670 est
1118 2612 1209 2690 longo

106 2708 172 2788 jam
189 2718 334 2786 temperer
357 2706 478 2785 ejusque
493 2703 534 2765 rei
544 2704 606 2783 ipse
620 2704 676 2763 sibi
693 2714 739 2763 est
756 2703 865 2781 oph'me
877 2703 1028 2765 conscius:
1049 2724 1116 2781 quur
1130 2708 1209 2765 enirn

110 2801 194 2859 uobis
208 2810 308 2878 erepta
320 2817 374 2877 pro
394 2799 454 2857 suis
469 2806 604 2875 occupat,
618 2795 663 2855 his
684 2795 777 2855 utitur
792 2794 831 2855 ad
852 2796 949 2855 omnia
966 2805 1074 2855 cetera
1088 2806 1153 2861 tuto
1165 2808 1208 2860 te·

111 2892 224 2959 nenda;
245 2910 314 2949 nam
328 2890 353 2949 si
367 2887 565 2969 Amphipolim
578 2897 609 2947 et
621 2886 785 2947 Potidaeam
805 2887 959 2957 amitteret,
973 2906 1011 2947 ne
1024 2887 1055 2946 in
1069 2888 1211 2951 Macedo·

112 2986 162 3043 uia
174 2982 293 3062 quidem
307 2976 370 3041 tuto
383 3001 415 3041 se
429 3000 545 3041 manere
555 2998 642 3061 posse
652 2980 840 3041 existimaret.
884 2980 1048 3058 Utrumque
1056 2979 1144 3058 igitur
1156 3000 1210 3041 no·

111 3076 164 3147 vit,
180 3086 210 3135 et
223 3094 256 3135 se
268 3074 352 3133 uobis
367 3074 507 3146 insidiari,
523 3086 619 3134 etrus
637 3073 667 3133 id
689 3072 928 3133 animaduertere.
971 3073 1106 3151 Cumque
1129 3074 1208 3135 idem

34 3202 38 3209 ι
108 3188 164 3231 uos
178 3186 278 3245 sapere
289 3165 450 3235 arbitretur,
463 3168 529 3243 jure
544 3185 576 3227 se
586 3165 667 3225 robis
679 3166 804 3225 invisum
814 3185 879 3227 esse
889 3175 1001 3225 censet.
1023 3166 1133 3227 Praeter
1140 3162 1214 3229 hsse'

111 3274 175 3324 tem
188 3258 290 3328 multa,
301 3268 482 3337 compertum
491 3259 590 3331 habet,
602 3258 658 3319 etsi
671 3268 842 3319 caeterorum
856 3257 984 3319 omnium
999 3258 1133 3322 domiuus
1145 3261 1207 3329 fist,

111 3376 156 3427 se,
167 3353 239 3413 dum
252 3350 401 3432 popularis
412 3362 507 3412 status
522 3353 601 3431 apud
615 3372 667 3413 vos
677 3353 776 3425 suerit,
786 3352 856 3413 nihil
869 3353 1126 3416 firmihahiturum.
1147 3356 1208 3417 Sed

110 3448 135 3509 si
145 3464 235 3525 quam
249 3444 362 3505 cladem
376 3442 535 3523 aliquando
548 3444 832 3523 acceperim-multae
846 3454 944 3505 autem
955 3444 1063 3515 homini
1076 3446 1209 3509 accidere

109 3547 285 3618 possunt-,
299 3537 362 3596 fore
374 3546 408 3595 ut
426 3536 476 3615 qui
494 3556 573 3599 nunc
584 3536 613 3597 ui
625 3545 763 3596 tenentur
775 3537 892 3607 abeam,
906 3547 936 3596 et
949 3538 989 3597 ad
1007 3556 1059 3598 vos
1073 3540 1208 3620 confugi·

111 3642 178 3691 ant:
201 3630 271 3690 estis
285 3628 363 3689 enim
377 3646 429 3689 vos
443 3648 501 3689 non
515 3628 571 3708 ipsi
584 3628 622 3688 ad
636 3627 730 3687 aliena
743 3626 906 3707 arripienda
918 3629 1207 3713 dominationemque

111 3722 298 3783 obtinendum
313 3731 418 3779 natura
431 3721 600 3800 comparati,
614 3719 668 3780 sed
685 3719 775 3780 alium
795 3739 834 3779 ne
846 3720 965 3800 arripiat
979 3723 1145 3802 prohsssere,
1156 3736 1209 3786 aut

113 3813 235 3893 arreptis
264 3812 429 3883 exturbare,
457 3812 582 3891 denique
609 3811 742 3873 homines
770 3812 913 3891 regnandi
940 3815 1064 3895 cupidos
1089 3835 1207 3889 vexare,

110 3914 291 3981 cunctosque
305 3902 445 3963 mortales
467 3904 496 3963 in
518 3904 682 3965 libertatem
698 3922 826 3965 asserere
840 3906 932 3983 pmhe
951 3906 1096 3967 instructi.
1138 3908 1208 3969 Non

109 3998 200 4076 igitur
212 3996 276 4056 vult
297 3995 357 4055 suis
379 3996 579 4057 occasionibus
593 4007 721 4057 uestram
741 3996 904 4058 libertatem
923 3998 1082 4068 Imminere,
1100 3999 1131 4057 in
1147 4010 1207 4078 qu'o

110 4108 207 4169 neque
220 4090 318 4168 inepte
331 4108 426 4166 neque
441 4088 601 4149 oscitanter
612 4107 713 4149 seeum
726 4099 851 4169 reputat.
894 4089 1022 4148 Primum
1037 4087 1136 4168 igitur,
1149 4092 1206 4155 han

109 4184 147 4243 de
161 4200 253 4243 causa
263 4181 356 4241 hostis
370 4192 416 4239 est
429 4180 477 4239 ille
493 4179 645 4241 habendus
660 4182 826 4260 reipublice
839 4191 871 4239 et
883 4180 1031 4260 popularis
1046 4192 1139 4243 status
1152 4186 1206 4247 im·

108 4272 276 4355 plauabilis3
299 4272 404 4331 deinde
418 4282 500 4333 certo
508 4273 677 4344 tenendum,
691 4292 761 4333 aum
782 4272 890 4343 omnia,
902 4290 969 4349 quus
983 4271 1102 4333 molitur
1114 4288 1205 4358 atque

108 4376 231 4445 apparet
249 4384 340 4437 nunc,
355 4374 459 4423 oontm
477 4376 607 4425 nostram
628 4367 730 4425 urbem
744 4381 902 4442 apparare:
923 4382 1018 4442 neque
1031 4366 1110 4427 anim
1123 4375 1206 4450 qnia.

108 4477 199 4543 quam
213 4466 342 4519 imnum
355 4456 397 4517 ita
408 4457 527 4537 ineptus
542 4466 598 4530 est,
610 4465 644 4516 ut
657 4455 826 4537 Philippum
834 4454 982 4518 sustinet
992 4458 1100 4522 misera
1111 4462 1163 4531 illa
1174 4466 1205 4529 in
