2934 5000
264 265 359 364 ιιό·
685 309 742 370 os
771 309 976 371 cosona·
1020 281 1021 292 '

262 471 350 551 igitur
361 494 413 552 per
423 491 539 533 omnem
547 471 637 532 vitam
650 493 722 533 osus
735 493 800 534 rum
816 474 944 548 fortuna,
959 493 995 534 ac
1009 470 1101 532 multa
1114 471 1172 532 alia
1184 491 1252 550 quse
1266 473 1372 536 deilla
1460 509 1461 512 =

262 566 372 642 possim
385 565 482 624 dicare
495 568 695 645 praetermitto,
709 569 818 636 veritus
833 587 869 627 ne
882 567 1034 647 quospiam
1046 563 1203 636 offendam,
1217 565 1288 624 dum
1302 588 1371 628 me-

263 657 359 735 ipsum
374 657 471 716 effero·

304 751 353 807 79.
374 751 420 807 Τιι
434 738 502 808 sero
515 751 558 808 vir
571 751 666 829 gravis
686 761 774 829 atqua
788 752 861 812 alios
875 769 1039 830 conspuens
1053 749 1119 808 vide
1138 767 1207 808 cum
1220 749 1278 810 hac
1296 769 1369 811 mea

262 839 399 902 collatam
414 841 532 919 qualem
553 841 679 902 habuisti
700 843 863 902 fortunam:
884 844 923 901 ob
944 861 1033 920 quam
1046 840 1157 900 scilicet
1169 859 1244 917 puer
1256 861 1369 919 magna

256 934 292 990 in
312 943 443 1011 egestate
461 934 606 994 educatus
626 955 668 1006 es,
688 953 748 993 una
767 954 836 996 cum
855 943 938 1012 patre
959 931 1029 990 ludo
1049 931 1196 990 literarum
1217 923 1367 1005 assidens,

262 1034 457 1084 atramentum
467 1035 573 1098 terens,
589 1045 709 1085 scamna
723 1025 853 1104 spongiis
867 1043 1005 1102 purgans,
1016 1021 1222 1100 poedagogiom
1232 1028 1367 1096 verrens,

261 1115 362 1174 famuli
376 1117 450 1188 rice,
463 1135 522 1174 non
536 1118 618 1194 pueri
631 1117 759 1194 ingenui,
773 1116 911 1182 iunctusr
930 1115 973 1194 vir
985 1109 1084 1171 autem
1097 1112 1193 1172 lactus
1208 1114 1293 1172 matri
1306 1115 1367 1172 ini-

262 1207 346 1268 tianti
354 1209 443 1268 libros
453 1209 598 1268 recitabas
608 1207 842 1286 aliaquel'raudis
852 1207 1045 1266 instrumenta
1053 1205 1140 1264 simul
1151 1205 1366 1281 concinnabas,

262 1309 351 1360 noctu
363 1319 415 1362 eos
426 1320 477 1378 qm
468 1299 678 1382 initiabantur
691 1300 876 1359 hinnulorum
888 1299 1014 1378 pellibus
1029 1296 1205 1376 succingens
1218 1311 1249 1357 et
1261 1299 1363 1359 vinum

261 1392 296 1451 iis
308 1392 474 1463 affundens,
489 1402 519 1452 et
531 1395 653 1473 expians
671 1413 731 1468 eos,
747 1404 778 1453 et
791 1394 853 1452 luto
866 1401 897 1452 et
908 1392 1019 1452 furfure
1032 1391 1199 1470 detergens,
1219 1402 1250 1451 et
1262 1393 1365 1472 expia-

260 1486 339 1546 tione
352 1498 472 1594 peracto
485 1507 537 1548 eos
552 1507 670 1567 surgere
686 1487 810 1559 iaciens,
824 1495 855 1546 et
869 1485 966 1545 dicere
975 1486 1083 1588 jubens
1105 1482 1219 1562 effugi
1247 1487 1363 1557 mals,

230 1644 236 1654 ,
260 1582 392 1658 reperi
419 1601 448 1640 ιιι
458 1601 475 1640 e
486 1582 601 1652 liora,
628 1581 773 1639 neminem
793 1598 922 1658 unquam
936 1589 996 1636 tam
1008 1575 1126 1636 immani
1139 1589 1212 1636 uoce
1231 1576 1363 1638 ululasse

261 1669 533 1750 gloriatum-quod
556 1690 614 1749 ego
627 1691 729 1730 verum
743 1671 881 1730 arbitror:
904 1670 997 1729 nolite
1007 1687 1085 1727 emm
1106 1668 1271 1729 existimare
1291 1689 1362 1729 eum

261 1762 312 1838 qui
333 1771 394 1820 tam
418 1763 497 1822 clare
517 1763 663 1840 loquatur,
684 1765 744 1820 non
765 1761 876 1821 ululare
897 1762 985 1820 etiam
1006 1758 1213 1830 clarissime-,
1233 1761 1363 1820 interdiu

260 1871 329 1911 rero
348 1854 502 1931 preclaros
525 1854 591 1912 illos
613 1853 726 1913 thiasos
744 1855 877 1932 pervias
896 1853 1027 1930 agitabas
1046 1848 1183 1910 t‘oe'niculo
1201 1860 1230 1909 et
1247 1853 1364 1931 populo

259 1943 420 2016 redimitos,
434 1947 588 2023 anguibus,
603 1947 805 2025 quospareiar
827 1955 946 2014 vocant,
963 1943 1139 2023 conprensis
1158 1953 1187 2002 et
1200 1962 1289 2022 supra
1305 1963 1362 2004 ca·

206 2090 210 2096 .
259 2043 314 2112 put
327 2034 420 2107 elatis,
432 2037 643 2117 clamitansque
661 2058 739 2098 evoe
762 2039 876 2110 saboe,
895 2047 926 2096 et
936 2055 1053 2096 carmen
1064 2035 1136 2094 illud
1144 2035 1362 2116 saltanshyes
1460 2109 1461 2114 η

162 2199 168 2208 Ι
260 2136 367 2186 attes
390 2138 491 2188 attes
518 2131 628 2210 hyes,
643 2147 755 2210 auspex
770 2140 800 2188 et
819 2139 987 2189 antecursor
1001 2136 1031 2186 et
1048 2124 1192 2206 hederiier
1213 2137 1243 2186 et
1256 2129 1360 2188 vanni-

259 2218 302 2276 fer
316 2219 349 2277 et‘
360 2220 465 2279 similia
477 2222 515 2281 ab
530 2222 653 2283 aniculis
667 2223 820 2293 salutatus,
834 2221 998 2281 mercedem
1012 2217 1123 2296 probis
1143 2211 1294 2298 repo'rtans
1315 2221 1361 2278 in·

258 2309 327 2368 trita
336 2320 367 2369 et
381 2312 527 2374 scriblitae
536 2325 567 2375 et
582 2307 707 2375 m⁰ellitas
722 2316 886 2394 placentas,
900 2313 1014 2390 quibus
1024 2311 1110 2370 rebus
1124 2310 1190 2387 quis
1210 2329 1270 2370 nou
1288 2317 1359 2371 'eum

256 2421 325 2490 rere
344 2405 462 2463 beatum
477 2404 616 2485 pr‘oedicet
628 2410 784 2483 beatumque
803 2407 949 2464 fortunam
970 2401 1056 2478 ejus?
1078 2399 1239 2478 Postquam
1259 2412 1359 2462 autem

257 2491 286 2551 in
301 2493 483 2574 popularium
507 2499 607 2559 album
625 2498 783 2577 inscriptus
797 2518 839 2569 es,
855 2515 971 2574 quoquo
994 2491 1081 2553 modo
1099 2491 1130 2549 id
1148 2493 1361 2555 luerit-mitto

258 2586 334 2644 enim
347 2588 454 2662 hoc-,
469 2592 522 2651 sed
535 2599 691 2669 postquam
705 2591 862 2669 inscriptus
882 2608 925 2658 es,
939 2586 1038 2645 statim
1051 2583 1276 2663 pulcherrimum
1291 2606 1358 2646 sus-

258 2677 361 2753 cepisti
379 2698 500 2752 munus;
510 2692 545 2741 ut
556 2682 662 2739 infimis
677 2679 894 2758 magistratibus
909 2678 1004 2737 scriba
1016 2696 1097 2737 esses
1112 2687 1143 2735 et
1156 2678 1359 2739 subservires:

259 2764 375 2836 deinde,
389 2781 421 2827 ut
441 2770 498 2829 hoc
513 2769 600 2829 etiam
616 2790 736 2830 munere
750 2771 906 2829 defunctus
920 2789 960 2840 es,
974 2770 1008 2827 iis
1028 2767 1161 2828 omnibus
1181 2785 1304 2847 quorum
1324 2782 1357 2831 tu

259 2854 332 2912 alios
349 2856 466 2917 incusas
479 2862 542 2939 ipse
555 2862 740 2939 perpetratis,
758 2861 830 2919 nibil
844 2860 956 2919 medius
972 2859 1058 2918 lidius
1076 2879 1176 2919 eorum
1198 2880 1266 2939 quoe
1287 2862 1357 2921 olim

258 2963 276 3002 a
290 2955 318 3003 te
330 2958 399 3005 acta
411 2962 480 3007 sunt
493 2954 649 3029 posteriore
667 2953 726 3012 vita
746 2952 939 3036 dedecorasti,
961 2951 1016 3011 sed
1029 2971 1097 3009 cum
1119 2951 1244 3030 teipsum
1258 2953 1357 3013 histri·

258 3037 363 3097 onibus
379 3038 436 3100 illis
450 3044 499 3119 qui
513 3046 671 3122 mugitores
692 3046 944 3123 cognominantur,
960 3043 1071 3123 Simylo
1090 3049 1129 3103 et'
1142 3044 1265 3117 Socrati,
1280 3067 1357 3107 mer·

258 3130 331 3190 cede
343 3133 509 3211 locavisses,
519 3138 667 3197 tertiarum
682 3139 807 3219 partium
821 3140 903 3209 actor
914 3157 989 3211 eras,
1003 3138 1075 3199 ficus
1091 3149 1121 3198 et
1134 3160 1205 3199 oras
1219 3151 1250 3201 et
1263 3142 1357 3202 olivas

258 3222 411 3303 colligens,
425 3239 563 3308 tanquam
574 3232 769 3335 pomariuser
781 3231 1001 3297 olienislundis,
1015 3221 1148 3308 pluraob
1159 3231 1357 3295 braevulnera

257 3316 403 3394 accipiens
417 3340 504 3399 quam
518 3324 549 3381 in
563 3323 598 3381 iis
612 3323 857 3391 certaminibuss
850 3342 879 3381 ιιι
901 3322 1006 3400 quibus
1027 3342 1078 3381 vos
1098 3323 1146 3383 de
1153 3324 1211 3383 rita
1232 3324 1354 3387 dimica·

258 3406 325 3473 stis:
339 3413 489 3472 eratenim
502 3413 713 3511 interneciuum
726 3426 757 3475 et
770 3413 953 3496 implacabile
965 3414 1047 3473 vobis
1059 3430 1125 3473 curn
1139 3417 1353 3494 spectatoribus

257 3480 383 3567 bellum,
393 3506 527 3580 aquibus
540 3500 607 3565 curii
622 3506 715 3565 multa
727 3507 846 3566 vulnera
860 3506 1014 3583 acceperis,
1027 3516 1113 3565 recte
1120 3525 1171 3565 eos
1181 3508 1236 3611 ‘qui
1248 3509 1355 3569 insueti

258 3589 695 3699 sunthujusmodipericulorum
706 3608 740 3657 ut
749 3596 863 3657 trmrdos
873 3595 984 3657 irrides.
1006 3596 1113 3656 Sed
1075 3617 1170 3657 mrssrs
1179 3618 1213 3657 us
1215 3618 1354 3679 ,quorum

256 3678 374 3759 culpam
388 3684 453 3761 quis
474 3687 504 3744 in
517 3698 718 3766 paupertatem
731 3690 863 3749 conferre
880 3697 980 3793 queat,
998 3688 1036 3747 ad
1049 3708 1084 3748 ea
1104 3690 1218 3749 ‘reniam
1231 3693 1354 3754 crimina

258 3775 373 3849 quaein
388 3794 481 3835 mores
494 3787 559 3837 tuos
573 3781 760 3840 conveniunt
785 3780 856 3840 Eam
871 3780 947 3839 enim
960 3781 1031 3860 reip.
1051 3764 1298 3861 administranda
1305 3804 1353 3846 ra-

255 3862 366 3925 tionem
379 3877 498 3928 secutus
512 3888 555 3940 es,
573 3883 729 3950 postquam
742 3873 772 3932 id
786 3893 903 3953 quoque
922 3874 1093 3952 opusvenit
1109 3875 1181 3933 tibi
1173 3895 1204 3933 ιι
1223 3888 1353 3938 mentem

256 3965 290 4014 ut
309 3960 483 4038 susciperes,
504 3960 583 4021 uude
602 3960 723 4023 florente
743 3966 861 4042 quidem
881 3965 976 4044 patria
995 3966 1100 4046 leporis
1120 3966 1209 4027 vitam
1227 3970 1352 4045 viveres,

254 4046 432 4112 horrenaae
459 4063 584 4115 tremens
606 4064 638 4114 et
654 4075 803 4159 nunquam
831 4076 889 4117 non
912 4059 1033 4117 verbera
1054 4068 1230 4141 exspectans
1253 4061 1292 4121 ob
1315 4082 1354 4123 ea

255 4158 380 4216 quorum
400 4145 453 4205 tibi
475 4148 610 4208 conscius
629 4150 694 4207 ersi
714 4147 835 4228 flagitia,
857 4148 909 4209 sed
929 4169 997 4211 cum
1020 4146 1142 4211 adversa
1162 4151 1211 4212 alii
1233 4152 1353 4216 fortuna

256 4240 412 4308 uterentur,
419 4238 510 4297 ferox
522 4248 552 4298 et
566 4240 663 4306 alacer
676 4241 713 4300 ab
727 4240 862 4305 omnibus
883 4242 1058 4303 cerneretis.
1079 4244 1173 4323 atqui
1187 4244 1305 4304 mille
1279 4248 1351 4307 crvi-

9 4322 334 4390 fitur
321 4325 481 4389 interiectis
493 4331 657 4401 exsultavit,
668 4330 781 4409 qualia'
774 4342 829 4391 rste
839 4332 903 4393 ab'
886 4352 921 4392 ns
929 4352 978 4411 qm
971 4331 1211 4413 supersuntpatl
1217 4340 1350 4399 mansit?

254 4416 330 4476 Cum
338 4420 455 4482 multa'
447 4422 536 4500 rgimr
549 4424 748 4497 sliababeam,
760 4444 825 4504 qua
833 4424 885 4486 de
879 4434 934 4486 rsto
945 4424 1056 4505 possim
1065 4424 1175 4500 dicere,
1185 4438 1348 4507 pretereo·
