2934 5000
257 221 312 280 ιιι
557 219 711 280 onemo
733 221 788 280 us
810 218 1056 283 crurssrsus,>
1111 187 1120 200 ’

252 376 318 435 Res
331 376 409 455 ipsos
423 363 622 452 eggredistur,
636 385 667 435 et
679 377 838 455 adjuturos,
854 387 886 436 et
902 393 1038 454 megusrn
1052 374 1174 454 gretiem
1187 375 1342 440 bebituros

251 467 296 539 iis,
306 465 351 548 qui
362 473 429 524 ente
444 463 534 544 ipsos,
548 477 578 524 et
590 486 656 526 cum
668 467 739 548 ipsis
751 467 862 546 Regem
877 467 1074 532 ulciscenturz
1095 469 1220 548 quodsi,
1229 470 1340 532 dumid

251 559 428 639 aliquantum
449 555 604 616 obscurum
626 567 681 630 est,
702 575 756 616 nos
777 559 886 636 priores
905 577 986 618 erme
998 560 1214 638 sumpserimus,
1227 581 1341 634 vereor,

252 648 455 721 Athenienses,
473 667 511 708 ne
530 647 585 708 hos
599 667 666 708 cum
677 647 726 707 illo
739 648 910 728 conjunctos
923 649 1093 730 propulssre
1105 669 1254 729 cogemur,
1273 653 1342 731 qui·

250 743 304 802 bus
327 739 491 801 consultum
508 739 653 800 volumus.
695 739 724 798 Is
740 739 818 800 enirn
831 759 964 821 represso
983 741 1095 821 impetu
1112 761 1177 815 suo,
1195 741 1343 822 siquidm

249 831 384 894 invadere
394 831 515 894 Grecos
527 830 660 904 instituit,
673 831 872 910 largitionibus
884 832 997 912 sliquos
1009 851 1109 894 eorum
1121 843 1299 913 eemmpet,
1310 845 1345 898 et

250 923 406 988 smicitiem
418 925 584 986 simulnbit:
605 923 647 984 illi
656 925 846 1004 veroprirots
853 924 1083 1005 bellsoorrigero
1093 925 1235 1000 volentos,
1243 938 1274 986 et
1283 927 1343 988 bue

250 1017 281 1076 in
290 1016 386 1078 enimn
398 1015 548 1090 hebentes,
560 1033 743 1076 communem
755 1016 885 1078 omnium
895 1018 1021 1078 sulutem
1034 1016 1193 1096 negligent
1223 1017 1259 1076 ln
1272 1037 1343 1078 enm

252 1118 349 1169 eutem
361 1107 518 1168 nrmultum
532 1117 562 1168 et
573 1107 727 1168 amentiam
737 1125 842 1169 moneo
851 1128 888 1170 ne
897 1108 1083 1190 praecipitetis
1089 1109 1193 1167 urbem
1203 1118 1344 1170 nostrum.

135 1191 139 1200 ’
253 1199 357 1279 Neque
370 1198 447 1259 enim
461 1199 584 1260 eandem
600 1199 683 1260 nobis
701 1197 732 1258 in
753 1201 834 1280 regio
852 1199 971 1279 negotio
991 1198 1236 1274 deliberationem,
1252 1219 1345 1279 quem

252 1291 316 1356 eliis
330 1289 449 1365 Grecis,
462 1311 528 1364 esse
540 1289 641 1354 video:
662 1291 742 1370 quod
762 1291 846 1355 multi
866 1289 983 1355 illenim
1003 1291 1073 1354 mibi
1088 1290 1222 1352 sidentur
1239 1292 1344 1372 primu‘

253 1381 376 1461 alicujus
388 1381 574 1442 emolumenti
587 1401 687 1454 sousa,
699 1401 788 1462 posse
802 1383 950 1462 negligere
963 1382 1036 1443 elios
1045 1380 1184 1451 Gronov
1195 1383 1279 1444 robis
1288 1403 1343 1444 eu·

214 1519 219 1538 .
250 1481 311 1534 tem
323 1492 377 1533 neo
391 1471 502 1532 effectis
515 1471 618 1552 injurie
630 1474 894 1548 honestuminerit,
906 1492 958 1534 ees
971 1473 1009 1532 de
1019 1472 1150 1534 sontibus
1159 1493 1342 1553 sumerepoe·

174 1627 176 1638 ,
253 1585 317 1640 nes,
331 1576 364 1624 ut
376 1583 475 1625 eorum
486 1564 598 1644 aliquos
612 1585 631 1624 s
644 1565 773 1625 Berbero
783 1564 878 1644 subigi
890 1564 1051 1644 potiemini.

294 1660 322 1716 3.
344 1657 433 1722 Quod
446 1675 513 1715 eum
526 1657 568 1714 ite
580 1657 627 1728 sit,
641 1655 850 1734 providendum
861 1666 916 1729 est,
930 1676 968 1716 ne
981 1666 1013 1716 et
1024 1675 1078 1717 nos
1090 1657 1169 1716 bello
1186 1656 1276 1717 mmus
1287 1657 1342 1716 irn-

254 1766 349 1828 peres‚
363 1757 394 1806 et
412 1748 448 1820 is,
470 1752 557 1824 quern
571 1745 684 1810 Graeeis
698 1745 826 1808 irrsidisri
838 1749 1024 1826 putebsmus,
1043 1748 1085 1808 ite
1101 1767 1134 1809 se
1152 1748 1289 1818 insinuet,
1311 1759 1346 1808 ut

254 1827 335 1900 lidus*
345 1839 401 1898 illis
414 1858 476 1899 esre
492 1839 634 1898 videntur.
664 1837 820 1907 Quomodo
839 1839 927 1918 igitur
944 1840 1012 1900 bren
1032 1841 1165 1900 oursnde
1184 1840 1289 1902 erunti
1310 1841 1344 1900 Si

252 1931 345 2010 copies
365 1931 528 2008 reipublice
542 1929 663 1990 detecte
677 1939 707 1990 ot
719 1929 872 1990 instruotre
892 1931 1024 1991 omnibus
1042 1931 1210 2013 sonspionrs
1226 1932 1343 2005 fuerint,

255 2029 343 2100 elque
357 2021 530 2100 apperuerit,
542 2041 597 2082 nos
610 2020 645 2081 iis
657 2021 698 2081 ite
711 2041 778 2083 esse
791 2022 890 2096 fretos,
903 2032 937 2082 ut
954 2020 1025 2080 nibil
1042 2022 1132 2102 iniqui
1144 2033 1242 2084 temen
1254 2042 1342 2083 cone-
1447 2088 1448 2099 p

254 2132 328 2172 mur.
361 2112 516 2174 Ferocibus
530 2123 626 2174 sutem
645 2124 676 2173 et
688 2113 773 2173 nimis
787 2111 923 2194 expedite
935 2113 974 2172 ed
992 2113 1100 2172 bellurn
1118 2113 1344 2193 impellentibus,

253 2203 326 2266 illud
341 2204 418 2278 dico,
431 2224 490 2266 non
504 2225 569 2267 esse
579 2205 708 2278 difficile,
720 2225 828 2286 neque,
849 2223 940 2286 quum
952 2203 1172 2268 deliberandum
1188 2216 1247 2278 est,
1262 2206 1344 2266 toru-

255 2296 363 2360 tudinis
378 2297 544 2375 opinionem
556 2299 705 2376 consequi,
719 2317 826 2377 neque,
840 2317 930 2378 quum
942 2296 1104 2376 perieulum
1116 2296 1236 2375 aliquod
1248 2296 1344 2358 immi·

245 2400 315 2466 net,
328 2389 530 2452 vehementem
549 2399 692 2452 oratorem
704 2388 815 2450 rideri:
836 2389 891 2452 sed
903 2389 977 2450 illud
990 2399 1021 2450 et
1034 2388 1153 2450 difficile
1170 2399 1218 2450 est
1229 2398 1261 2451 et
1272 2407 1343 2450 sos·

253 2481 383 2555 veniens,
396 2481 427 2543 in
438 2481 584 2563 perieulis,
603 2479 803 2541 tortitudinem
825 2481 989 2553 deolersre;
1014 2483 1045 2543 in
1064 2481 1264 2556 deliberendo,
1276 2502 1355 2561 pruq

254 2576 370 2637 dentius
381 2572 444 2633 eliis
458 2574 529 2633 dere
542 2591 630 2653 posse
645 2572 811 2633 consilium.
1447 2619 1448 2622 ,

294 2672 324 2729 4.
346 2664 411 2746 Ego
427 2682 505 2737 vero,
526 2661 728 2731 Athenienses,
743 2661 887 2737 existimo,
907 2664 1017 2727 beliunr
1035 2683 1102 2723 oum
1120 2664 1206 2741 Rege
1227 2663 1346 2729 utente
1447 2691 1448 2694 ¹

255 2775 321 2819 esse
345 2753 529 2835 reipubliots:
557 2750 686 2835 prelium
708 2746 840 2810 futurum
865 2766 931 2810 esse
946 2750 1043 2816 focile.
1078 2750 1160 2811 Curi
1187 2754 1267 2821 Quia
1287 2774 1346 2819 nou

256 2848 349 2921 sliter,
363 2854 398 2905 ut
410 2844 521 2922 opinor,
535 2840 597 2903 lieri
610 2849 719 2919 potest,
731 2838 805 2920 quin
821 2838 902 2900 belle
915 2840 1013 2901 omnis
1024 2851 1056 2901 et
1066 2841 1201 2903 triremes
1212 2855 1245 2907 et
1257 2864 1346 2924 pssu-

255 2938 334 3001 uiem
348 2945 376 2995 et
395 2935 462 2997 loos
484 2931 648 3017 requirent:
668 2948 734 3013 que
750 2928 849 2992 omnis
869 2950 961 3011 penes
977 2930 1060 2991 illum
1078 2934 1240 3012 copiosiore
1259 2956 1347 3013 quen
1447 3005 1448 3028 χ

257 3028 336 3111 apud
348 3046 400 3089 ros
414 3024 536 3105 reperio.
557 3022 738 3086 Prelisvero
749 3021 832 3084 nulls
841 3042 872 3083 re
883 3023 941 3085 elis
951 3032 1103 3103 mntopere
1111 3023 1198 3087 rideo
1209 3025 1347 3106 indigere,
1447 3035 1448 3038 ’

256 3132 291 3185 ιιι
302 3120 423 3185 fortibus
436 3117 521 3179 viris:
543 3135 616 3197 quos
628 3114 729 3199 plures
746 3114 830 3177 robis
847 3124 879 3175 et
890 3114 925 3175 iis
937 3116 987 3196 qui
1004 3114 1153 3178 vobiscum
1163 3115 1223 3181 boe
1235 3120 1347 3197 priore

257 3216 318 3277 lum
329 3214 450 3275 odibunt
463 3228 529 3273 esse
541 3208 683 3271 existimo.
704 3205 819 3270 Bellum
831 3206 918 3287 igitur
929 3207 1011 3271 bisse
1024 3206 1062 3269 rie
1074 3209 1170 3274 oeudr
1179 3228 1298 3287 moneo,
1309 3232 1347 3277 ns

256 3306 318 3369 ulls
330 3306 440 3371 ratione
453 3302 562 3383 priores
576 3298 760 3385 suscipietis:
781 3298 820 3361 sd
836 3299 970 3379 prelium
981 3318 1052 3363 sero
1071 3318 1124 3365 ros
1137 3311 1218 3377 reete
1239 3303 1348 3372 iustru-

190 3456 192 3461 .
258 3406 321 3459 ctos
334 3414 398 3457 esse
411 3404 543 3477 oportere
555 3390 632 3455 dico.
657 3388 746 3461 Quod
765 3390 792 3454 si
808 3390 866 3455 stis
877 3392 951 3456 retio
967 3391 1117 3473 sopientur
1136 3402 1226 3469 erut,
1241 3394 1347 3473 quibus

259 3485 381 3555 Barbari
397 3486 642 3567 propulsarentur,
662 3482 719 3548 elis
736 3484 845 3567 quibus
864 3484 979 3557 erere
999 3482 1214 3565 deprehensum
1232 3483 1270 3547 iri
1290 3484 1348 3550 ior-

259 3590 338 3641 resse
346 3585 574 3637 consentaneum
586 3585 675 3650 esset,
685 3594 741 3637 nos
754 3585 858 3637 contre
867 3575 1081 3640 illumiustrui:
1101 3587 1348 3643 eumenteurosuv

260 3672 305 3733 nis
324 3667 520 3729 instructionis
533 3666 605 3731 rstio
619 3668 657 3730 sit
668 3666 782 3741 endem,
797 3676 829 3730 et
840 3666 945 3729 sedem
957 3676 1088 3748 oportere
1107 3687 1175 3733 esss
1186 3667 1286 3749 sepite
1296 3686 1347 3731 oo·

261 3765 381 3846 piarum,
394 3768 428 3819 ut
440 3756 540 3819 hostes
554 3756 654 3839 repelli
667 3760 791 3839 possint,
804 3768 840 3822 ut
851 3758 923 3824 sosii
935 3758 1142 3835 defenduntur,
1160 3769 1195 3822 ιιι
1207 3778 1281 3841 opes
1294 3778 1347 3821 nn

260 3867 327 3916 stre
340 3848 678 3932 consentione-quid,
690 3868 780 3932 quurn
792 3848 950 3916 bsbmmus
962 3850 1013 3933 qui
1025 3871 1059 3915 se
1067 3849 1169 3921 hostes
1181 3870 1248 3915 esse
1256 3851 1348 3915 tuen·

262 3958 318 4023 tur,
332 3945 403 4007 elios
423 3940 628 4025 queritemusi
649 3959 685 4007 ee
705 3962 766 4007 non
785 3943 881 4026 potius
898 3954 929 4007 et
943 3944 1085 4007 sinemus
1098 3945 1154 4009 bos
1171 3944 1349 4019 instruimur,

262 4048 293 4099 et
310 4040 392 4099 illum
410 4054 524 4117 quoque
544 4033 722 4110 ulciscimur,
739 4036 766 4099 si
777 4035 884 4098 rioiere
897 4056 953 4099 nos
972 4036 1149 4101 institueritl
1168 4038 1258 4119 Agite
1271 4054 1348 4109 sero,

265 4128 383 4191 Grecos
402 4148 482 4194 nunc
495 4129 534 4190 ed
546 4147 598 4192 voe
617 4128 774 4193 eseersitet
795 4138 836 4205 et,
850 4128 956 4211 siquis
975 4129 1017 4191 illi
1030 4129 1149 4211 jubent,
1169 4148 1231 4193 non
1243 4128 1348 4198 bees.

263 4239 329 4283 cum
341 4222 457 4303 quidam
467 4240 527 4286 non
536 4220 644 4309 optime
656 4220 739 4286 vobis
751 4220 880 4305 cupient,
889 4231 973 4285 estne
982 4221 1160 4303 spersndum
1172 4232 1349 4301 quemquem

266 4330 332 4373 esse
348 4306 629 4394 obtemperaturum?
650 4312 727 4387 Quis
738 4310 936 4379 mediusfidius
950 4312 1070 4379 mutem
1086 4312 1212 4389 euobis,
1233 4312 1347 4391 umen
