2934 5000
540 321 595 380 DE
615 323 803 382 CORONA.
1157 326 1211 384 191

129 476 322 553 cognoscetis.
345 475 413 535 Non
424 475 530 535 licobut
538 475 640 552 utique
650 474 758 548 locrio,
768 475 1040 555 nioirepriuunohio
1048 475 1218 536 denuntiotu

127 564 208 626 litem
220 567 358 627 adversus
374 577 504 627 noemam
520 565 664 627 civitatum
685 568 839 628 conficere.
881 567 955 633 Quis
968 567 1055 646 igitur
1070 587 1125 626 non
1146 567 1218 630 'citc-

127 656 170 716 rit
190 658 229 717 ud
245 677 333 736 quem
352 658 535 739 judicatumi
569 659 652 719 Cedo
674 658 821 720 hominem
841 660 889 739 qui
911 661 993 732 scint,
1006 659 1138 720 ostende.
1178 660 1220 718 At

127 769 187 809 uon
205 763 300 829 poteo,
320 750 374 810 ned
397 751 513 810 inanem
536 750 617 810 illum
637 771 789 831 perperam
811 753 968 813 adhibuisti
989 761 1162 832 protentum
1188 761 1219 812 et

126 842 308 902 mendacem.

166 937 217 993 50.
239 934 424 996 obeuntibus
439 933 528 1012 igitur
540 934 689 1012 regionem
703 953 768 994 eum
789 935 872 994 iutiuu
892 935 1008 996 hortatu
1024 933 1217 1014 Amphictyo-

125 1027 222 1102 nibus,
237 1028 326 1090 Locri
337 1028 447 1108 impetu
456 1027 537 1086 facto
544 1046 620 1105 poue
629 1046 729 1088 omnes
738 1027 844 1107 jaculis
859 1029 1052 1100 confixerunt,
1061 1026 1218 1088 nonnullos

124 1119 215 1180 etium
233 1139 270 1180 ex
282 1119 566 1183 hieromnemonibm
579 1118 789 1198 corripuerunt.
831 1119 872 1178 Ut
883 1139 952 1180 vero
962 1139 1000 1180 ex
1012 1119 1058 1180 hio
1072 1120 1213 1198 querimo-

125 1211 183 1270 nim
194 1212 440 1291 ortohellumque
460 1221 563 1273 contre
582 1211 807 1290 Amphimcnoos
830 1212 1006 1271 concitatum
1029 1221 1081 1284 cot,
1095 1211 1217 1292 primum

14 1331 19 1338 ’
126 1303 294 1383 Cottyphuo
315 1304 564 1385 Amphictyonum
586 1304 744 1384 protectus
768 1314 814 1364 eut
835 1305 985 1377 exercitui,
1011 1304 1127 1378 deinde,
1150 1321 1217 1364 cum

125 1395 177 1454 ulii
189 1414 249 1454 nou
267 1396 408 1468 venirent,
421 1397 469 1456 ulii
478 1397 529 1473 qui
541 1408 680 1455 venerunt
692 1395 764 1454 nihil
773 1395 911 1456 effectum
924 1396 1037 1468 darent,
1050 1396 1079 1455 in
1093 1415 1217 1474 nequen-

128 1496 159 1544 te
176 1497 321 1546 conventu
331 1486 479 1567 Pylaeoed
490 1486 657 1566 Philippum
670 1487 770 1545 statim
788 1487 981 1564 principatum
998 1487 1129 1546 detulere
1149 1506 1220 1547 non·

126 1576 200 1636 nulli
212 1576 346 1637 hominen
358 1578 397 1637 ud
410 1597 474 1637 eum
492 1596 553 1637 rem
573 1577 707 1636 inctructi
717 1576 930 1656 etjompridem
944 1576 1099 1656 profligati,
1114 1577 1217 1653 purtim

126 1691 164 1732 ex
188 1671 347 1744 'l’heoeolit‚
368 1673 485 1751 partim·
497 1691 534 1731 ex
555 1671 620 1731 oliio
642 1669 820 1730 civitutibus.
860 1669 1030 1748 (lautusque
1049 1668 1128 1728 nacti
1148 1679 1218 1729 cunt

126 1763 294 1843 speciosus:
314 1775 366 1823 out
386 1765 463 1823 euim
486 1764 567 1843 ipsos
586 1762 726 1842 pecunius
747 1759 877 1822 conferre
899 1769 1092 1838 extomooque
1111 1760 1215 1820 militen

126 1855 202 1916 clere
216 1866 348 1935 oportere
363 1855 512 1927 dicebant,
530 1864 561 1914 et
573 1855 624 1933 qui
636 1855 703 1914 hoec
721 1861 891 1914 recusarent
905 1853 1058 1925 mulctare,
1071 1853 1216 1912 nutilium

126 1945 232 2006 ducem
252 1947 368 2027 eligere.
409 1947 488 2013 Quid
508 1945 623 2006 multet
644 1953 761 2005 creatus
782 1945 831 2005 ille
850 1943 932 2004 hisce
953 1945 1060 2003 ortibus
1080 1945 1139 2005 dux
1159 1955 1215 2006 eet.

127 2039 169 2097 Et
191 2039 292 2098 stetim
313 2047 416 2115 posteo
437 2036 589 2116 Philippus
612 2037 703 2116 copiis
731 2037 906 2116 comparatis
931 2056 1102 2118 progressus
1135 2039 1218 2117 quusi

124 2149 263 2209 campum
277 2130 438 2187 Cirrhueum
447 2129 601 2187 inuasurus
614 2139 700 2200 ercet,
713 2129 833 2206 longum
842 2129 938 2188 vulere
947 2130 1038 2207 jussis
1052 2139 1083 2189 et
1093 2129 1217 2190 Cirrhm-

123 2223 148 2279 io
162 2230 192 2280 et
205 2221 407 2290 Locrensibus,
423 2218 555 2277 Eluteum
568 2228 703 2298 occupet
744 2219 830 2287 Quod
849 2221 874 2279 ni
890 2239 949 2279 uon
966 2219 1073 2290 stetim,
1084 2231 1119 2279 ut
1130 2221 1158 2282 id
1174 2223 1216 2282 vi-

124 2314 239 2386 derunt,
252 2312 405 2372 consilium
418 2321 581 2372 mutassent
592 2311 723 2371 'l'heboni
742 2329 865 2390 seneque
884 2311 1033 2370 vobiscum
1053 2311 1219 2391 conjunxis-

107 2416 202 2476 ·sent,
216 2403 352 2465 torrentis
366 2405 457 2463 inetur
476 2404 610 2464 universa
627 2404 669 2464 rei
691 2403 784 2462 moles
808 2403 838 2460 in
858 2403 934 2462 hunc
957 2403 1057 2462 urbem
1070 2402 1215 2463 irruisset:

125 2518 206 2558 nunc
216 2507 314 2557 cutem
327 2516 393 2555 eum
408 2495 565 2575 derepente
578 2496 620 2556 illi
633 2506 832 2569 coercuerunt,
846 2496 969 2555 maxime
986 2493 1111 2574 quidem,
1126 2495 1218 2555 Athe·

55 2612 59 2617 ·
121 2590 250 2659 nienses,
261 2588 308 2647 dei
318 2589 443 2668 alicujus
463 2590 644 2668 benignitate
656 2609 727 2668 ergo
738 2609 811 2657 uos;
832 2588 939 2648 deinde
952 2606 1020 2647 vero
1034 2597 1173 2667 quantum
1187 2588 1216 2646 in

124 2702 184 2741 uno
193 2682 255 2743 viro
266 2682 354 2741 situm
364 2691 409 2742 est
422 2701 513 2762 opero
522 2702 599 2743 mee.
642 2682 725 2743 Cedo
743 2682 814 2741 mihi
827 2682 891 2741 haec
905 2681 1023 2741 decreta
1035 2690 1066 2740 et
1075 2689 1215 2760 temporo,

122 2776 228 2854 quibus
239 2775 356 2854 singulo
366 2784 487 2853 peracto
499 2785 581 2844 eunt3
602 2785 638 2834 ut
646 2776 755 2847 scintis,
765 2774 881 2853 quantit
891 2774 983 2834 turbis
992 2772 1216 2851 impurissimum

124 2867 204 2927 istud
218 2876 308 2948 ceput
319 2868 451 2928 excitatio
464 2888 566 2947 poenae
579 2868 710 2928 nondum
723 2866 903 2947 persolverit.
925 2866 1029 2925 Recita
1041 2866 1167 2926 decretu.
1274 2883 1278 2891 ’

167 3087 219 3147 61.
402 3084 632 3147 DECRETUM
654 3084 1007 3144 AMPHICTYONUM.

159 3224 288 3271 Suooudoto
298 3223 429 3285 clingom.
445 3225 528 3285 Pylno
542 3224 642 3273 oouoilio
655 3240 736 3282 veruo,
746 3225 822 3273 vitum
832 3232 868 3275 eut
879 3226 1003 3287 Pylugorio
1012 3222 1217 3273 otoouuomurihoo

124 3298 320 3362 Amphictyonum
330 3300 477 3345 otoommuul
487 3300 692 3365 Amphictyonum,
699 3300 806 3362 quonium
816 3300 995 3362 Amphimuuuoo
1004 3300 1027 3345 in
1040 3314 1128 3347 unorum
1136 3315 1216 3361 ugrum

123 3374 295 3437 ingr-utuntur,
303 3390 401 3435 eumque
410 3382 532 3424 conserunt
543 3385 567 3421 ot
577 3375 685 3423 urmmtio
695 3377 843 3433 distribuunt,
855 3384 882 3422 ut
893 3392 921 3423 oo
929 3392 954 3422 ιο
969 3374 1086 3421 conferunt
1098 3376 1217 3437 Pylugorm

124 3468 152 3500 uo
163 3467 320 3507 economum,
331 3458 355 3498 ot
364 3450 476 3498 termino·
486 3450 597 3498 oolumnio
608 3451 787 3513 dintinguuut,ut
796 3451 1000 3513 Amphimuuihuu
1010 3450 1148 3501 interdicunt
1156 3468 1185 3501 ne
1192 3452 1216 3501 iu

124 3537 244 3589 posterum
253 3526 418 3589 ingrediuntur.

465 3687 594 3747 ALIUD
615 3686 858 3749 DECRETUM.

157 3829 282 3878 summoto
294 3828 425 3891 Gliuugoru,
434 3829 515 3892 Pyloeo
527 3828 626 3877 ooooilio
636 3846 717 3885 veruo,
726 3830 802 3878 viuum
811 3840 847 3877 est
857 3830 979 3893 Pylogorio
991 3837 1014 3879 et
1023 3832 1214 3893 Amphictyonum

124 3904 299 3953 conoemoribuu
312 3913 336 3953 et
353 3907 467 3953 communi
486 3906 690 3968 Amphictyonum,
706 3907 813 3968 quonium
829 3908 1007 3969 Amphiouenueo
1029 3922 1108 3969 ugmm
1125 3918 1215 3951 unorum

124 3982 186 4028 iuter
196 3998 222 4029 to
234 3982 335 4030 divitum
343 3984 421 4030 colunt
431 3990 455 4031 ot
465 3988 567 4031 ormont:
576 3982 601 4031 iu
617 4000 646 4031 eo
656 3993 763 4046 poscunt,
777 3992 809 4041 ct,
826 4000 877 4032 oum
888 3986 932 4032 hoo
942 3986 1018 4031 lucore
1028 3988 1168 4035 veterentur,
1180 3996 1217 4029 ur·

123 4060 181 4105 mu'ti
189 4066 304 4106 veneunt
318 4066 343 4107 ot
359 4076 478 4109 commuue
487 4062 620 4109 (imorum
636 4062 759 4109 concilium
776 4062 800 4110 vi
818 4062 989 4126 propulturuut‚
1006 4058 1128 4107 nonnullo·
1145 4057 1213 4107 eum

122 4134 280 4191 vulnerarunt,
291 4135 339 4199 [et]
348 4136 492 4202 Gottyphum
501 4138 615 4187 Aroudem
634 4138 716 4185 ducem
735 4140 764 4186 uh
780 4138 988 4200 Amphictyooibus
1000 4140 1102 4181 crottum
1111 4132 1174 4181 mitti
1185 4136 1215 4183 ud

124 4209 259 4275 Philippum
276 4214 436 4270 Macedonum,
454 4217 484 4264 ub
501 4232 575 4279 eoquo
586 4217 644 4280 poti,
656 4223 681 4264 ut
691 4216 796 4277 Apollini
807 4222 831 4263 et
842 4213 1052 4275 Amphictyonihun
1066 4226 1134 4273 opem
1149 4213 1217 4273 tmt,

125 4302 201 4348 neqm
211 4290 279 4339 deum
296 4292 399 4355 negligit
416 4294 445 4340 uh
459 4294 537 4357 impiis
553 4294 759 4357 Amphimenuibuo
775 4292 862 4339 nesorio
879 4291 1002 4339 violatum:
1019 4292 1124 4339 nunciori
1135 4308 1219 4357 proquo

125 4376 180 4410 eum
189 4363 348 4425 imperatorem
361 4384 413 4415 oum
427 4386 514 4418 nummu
524 4376 662 4432 potentatu
673 4370 761 4417 Grecis
772 4367 881 4417 constitui
893 4366 998 4415 omnibus
1007 4368 1046 4430 qni
1059 4368 1149 4417 concilii
1161 4369 1217 4418 Atu-

126 4438 267 4502 pliiotyooioi
277 4452 329 4492 mot
340 4445 472 4506 purtioipeo.
