2934 5000
357 331 414 396 DE
433 331 547 396 MALE
566 331 698 398 GESl’A
720 329 967 400 LEGATIONE.
1151 339 1213 404 tos
1287 346 1292 355 '

117 507 247 562 umam,
260 489 299 551 ad
309 489 441 556 derum
452 491 539 554 ιίιιιιιι
550 505 608 571 est,
623 511 711 573 quam
725 495 756 556 io
766 494 897 556 victorio
914 494 1083 556 memoriam
1100 494 1213 556 Barba·

117 581 259 654 ricibelli,
279 584 350 644 data
367 587 495 665 peqrnin
511 586 563 647 illa
581 605 600 648 a
617 585 743 660 Grauis,
762 589 928 666 respublica
946 587 1133 648 consecravit.
1167 589 1214 649 Ao

116 681 179 732 tum
193 675 311 751 quidem
324 677 396 736 tanti
410 678 519 738 liebat'
508 679 632 757 justitia,
648 687 791 785 taptoque
804 680 903 740 stadio
925 689 1025 739 sontes
1043 679 1215 758 plecteban

116 775 175 834 tur,
193 779 226 826 ut
240 769 344 828 eadem
359 770 443 830 statio
457 780 488 829 et
507 769 570 828 dese
588 772 716 848 praemio,
738 781 770 830 et
788 771 889 831 talium
910 771 1054 832 scelernm
1073 771 1217 876 supplicio
1343 803 1351 820 ·
1465 764 1466 783 ¹

116 855 307 920 tribueretur:
329 877 409 918 nunc
424 869 521 920 autem
535 851 621 932 risus,
641 861 808 941 impunitas,
822 863 963 934 dedecus,
978 861 1034 920 nisi
1047 879 1100 922 ros
1111 863 1216 922 immo·

117 947 235 1010 dicam'
227 963 314 1009 ratam
324 948 473 1012 licentiam
487 970 566 1009 nunc
579 951 749 1030 reprimatis.

159 1043 208 1100 77.
230 1041 374 1102 Existimo
387 1052 485 1104 autem
495 1052 575 1102 recte
588 1053 640 1102 vos
653 1063 718 1102 esse
731 1043 904 1116 factuross
881 1064 907 1104 ιι
916 1061 976 1102 non
985 1063 1046 1104 una
1056 1047 1193 1105 tantum
1185 1065 1218 1106 in

116 1151 148 1192 re
162 1133 297 1212 majores,
307 1132 362 1194 sed
374 1153 411 1193 ex
422 1150 508 1212 ecquo
522 1134 553 1192 in
566 1135 702 1194 omnibus
716 1155 753 1194 ea
764 1135 924 1205 imitemini,
939 1152 1007 1213 quos
1019 1134 1062 1193 illi
1075 1135 1218 1197 foeauna
1347 1194 1351 1202 ,

111 1213 194 1284 'llli'
187 1224 285 1302 igitur,
303 1226 384 1305 quod
407 1245 458 1285 uos
480 1243 583 1286 omues
605 1225 753 1284 audivisse
771 1236 952 1304 compertum
970 1225 1076 1298 babeo,
1092 1228 1219 1288 cutiam

120 1314 280 1395 Hipponici
291 1317 325 1375 F.
340 1319 390 1395 qui
403 1319 516 1396 legatus
531 1317 707 1377 celebratam
720 1315 801 1374 illam
815 1335 919 1393 pacem
933 1315 1014 1387 iecit,
1026 1325 1062 1374 ut
1073 1335 1129 1376 nec
1141 1319 1219 1378 int'ra

119 1407 259 1484 epatium,
272 1417 413 1485 quantum
427 1428 516 1468 cursu
528 1408 596 1487 equi
608 1427 669 1466 uno
690 1407 739 1466 die
754 1407 860 1466 confici
871 1417 982 1484 posset,
998 1425 1050 1465 rex
1062 1408 1218 1469 Persarum

122 1513 200 1560 cum.
213 1497 342 1568 exercitu
356 1499 393 1558 ad
406 1518 486 1560 mare
499 1498 703 1571 descenderet,
716 1518 773 1558 nec
786 1498 825 1556 ad
838 1496 1027 1557 Chelidonias
1040 1509 1071 1558 et
1084 1499 1220 1580 Cyaneas
1343 1541 1346 1544 -

121 1586 213 1666 longa
228 1607 302 1649 nave
323 1590 484 1664 accederet,
509 1592 589 1671 quod
612 1591 643 1650 in
664 1590 810 1670 legatione
829 1607 951 1650 munera
967 1590 1117 1668 accepisse
1138 1590 1220 1650 dans

120 1677 186 1751 ruit,
199 1699 302 1760 perum
316 1681 410 1742 abluit
421 1683 489 1760 quin
505 1682 691 1752 occidissent,
707 1682 738 1740 in
750 1681 909 1741 relerendis
923 1691 1003 1740 certe
1016 1682 1176 1741 rationdsus
1189 1701 1220 1742 a.
1343 1713 1350 1728 ·

120 1770 233 1831 talenta
246 1775 283 1832 ab
295 1792 332 1833 eo
344 1786 517 1852 exegerunt.
550 1775 641 1853 Atqui
654 1773 830 1853 pulcriorem
848 1791 884 1831 ea
902 1792 1005 1852 pacem
1026 1793 1123 1852 neque
1143 1783 1221 1852 post,

121 1881 218 1941 neque
231 1863 311 1943 prius
329 1864 420 1924 ullam
439 1887 458 1927 a
473 1865 591 1926 civitate
609 1877 711 1926 nostra
730 1883 797 1924 ease
815 1865 936 1936 laetam,
955 1865 1111 1943 quisquam
1132 1865 1221 1925 diuet

99 1967 106 1978 ·
122 1953 231 2014 Verum
245 1976 304 2016 non
318 1957 391 2018 illud
406 1959 590 2037 spectabant.
612 1952 653 2017 ld'
661 1959 739 2018 enim
756 1977 818 2017 sua
830 1956 930 2017 virtuti
944 1967 974 2016 et
985 1956 1154 2035 reipublicae
1163 1977 1222 2017 eu·

124 2045 252 2104 ctoritati
276 2057 428 2126 acceptum
446 2049 629 2107 referebant:
649 2068 686 2106 an
706 2067 776 2108 vcro
788 2049 880 2126 gratis
897 2049 990 2119 lieret,
1007 2067 1111 2120 necne,
1131 2048 1222 2127 legati

123 2134 250 2212 ingenio.
278 2138 325 2197 Ab
339 2157 375 2196 eo
389 2139 465 2198 enim
482 2137 533 2216 qui
546 2138 585 2198 ad
599 2138 808 2216 rempublicam
820 2148 903 2197 erret
914 2156 1097 2210 accessurus,
1109 2159 1223 2200 morum

125 2229 319 2307 integritatem
334 2242 364 2290 et
379 2229 581 2291 abstinentiam
595 2231 780 2308 flagitabant.
802 2231 849 2288 llli
863 2230 951 2308 igitur
963 2231 1005 2290 ita
1014 2231 1148 2290 inimicas
1167 2233 1223 2291 du·

125 2321 232 2384 cebant
243 2321 419 2400 largitiones,
432 2333 463 2382 et
481 2320 648 2402 reipublicae
661 2323 850 2400 perniciosae,
865 2333 901 2381 ut
912 2341 968 2380 nec
981 2323 1011 2380 in
1025 2323 1140 2381 actlorm
1153 2322 1224 2397 ulla,

126 2431 180 2472 nec
200 2412 261 2472 viro
274 2413 372 2474 lneum
386 2415 494 2476 babere
508 2423 697 2492 paterentur:
720 2414 774 2472 sed
792 2433 857 2484 uos,
875 2412 1079 2485 Athenienses,
1100 2433 1168 2473 cum
1182 2415 1225 2475 ri·

11 2560 16 2567 .
126 2504 226 2565 dedus
246 2507 371 2567 eandem
392 2526 495 2584 pacem
517 2516 547 2566 et
566 2506 672 2567 moenia
690 2516 851 2567 vestrorum
870 2508 1016 2565 sociorum
1036 2507 1174 2578 diruisse,
1195 2519 1227 2569 et

127 2595 289 2675 legatorum
303 2600 384 2659 redes
397 2601 585 2671 exstruxisse,
600 2610 631 2659 et
642 2600 810 2679 reipublice
824 2618 893 2661 suas
909 2618 982 2678 oper
999 2598 1150 2678 eripuisse,
1162 2600 1227 2661 istis

128 2700 226 2779 autem
241 2712 277 2753 ea
291 2714 358 2771 quas
371 2714 426 2754 nec
438 2714 490 2773 per
504 2694 649 2753 somnium
663 2712 794 2771 unquam
812 2700 973 2771 sperarant,
984 2692 1154 2766 contulisse,
1168 2713 1227 2753 non

129 2781 185 2861 ipsi
205 2804 256 2845 eos
275 2786 433 2859 occidistis,
455 2785 509 2846 sed
527 2794 697 2849 accusatore
719 2784 868 2863 indigetis,
890 2794 921 2843 et
938 2784 1034 2842 verbis
1057 2784 1228 2862 disceptatis

129 2890 249 2938 causam
268 2899 376 2949 eorum,
392 2898 513 2957 quorum
532 2877 693 2953 injuriasse
711 2878 777 2955 ipsa
793 2895 894 2935 omnes
907 2875 1019 2934 rident.
1041 2874 1147 2953 Neque
1157 2895 1229 2941 sero

130 2976 231 3028 vetera
244 2968 385 3029 duntaxat
398 2970 496 3029 relerri
514 2978 650 3048 possunt,
664 2979 695 3027 et
706 2988 760 3046 per
769 2966 904 3047 exempla
916 2986 969 3025 vos
981 2965 1020 3025 ad
1029 2966 1168 3026 ultionem
1182 2968 1229 3026 in-

132 3058 226 3127 citari,
238 3061 291 3119 sed
304 3072 403 3118 vestra
419 3070 517 3130 oetate,
533 3061 582 3137 qui
596 3060 693 3119 adhuc
712 3060 818 3131 vivitis,
834 3058 918 3117 multi
937 3076 1043 3137 poenas
1064 3058 1228 3118 dederuntz

80 3142 85 3149 ’
132 3150 1230 3229 quorumegoaliospraeteribo,eorumautem,quipropterlegationem,bac

134 3238 230 3297 multo
239 3241 334 3299 minus
344 3252 497 3301 nocentem
511 3241 691 3319 reipublice,
703 3242 799 3319 capite
810 3241 943 3299 mulctati
956 3250 1037 3310 sunt,
1045 3240 1132 3298 unius
1139 3249 1230 3318 atquc

136 3329 257 3391 alterius
276 3331 452 3393 mentionem
469 3332 586 3393 faciam.
611 3334 675 3412 Age
691 3352 764 3412 cape
776 3332 835 3394 hoc
848 3330 1010 3401 decretum,
1022 3338 1054 3389 et
1064 3330 1167 3389 recita.

558 3560 802 3622 DECRETUM.

136 3706 182 3767 Es
195 3705 252 3765 boo
267 3705 397 3776 decreto,
412 3704 622 3777 Athenienses,
632 3704 746 3783 legatos
754 3703 821 3763 illos
828 3703 932 3783 cupitis
938 3722 992 3764 ros
1001 3705 1230 3779 condemnastis,

137 3814 260 3876 quorum
273 3814 350 3856 unus
362 3795 421 3857 fuit
440 3796 604 3875 Epicrates,
616 3795 715 3867 homo,
731 3807 766 3855 ut
778 3815 836 3875 ego
848 3815 865 3855 e
878 3805 947 3855 natu
962 3797 1119 3876 majoribus
1133 3796 1234 3867 audio,

135 3889 222 3968 frugi,
237 3888 402 3948 stmultum
412 3886 491 3947 utilis
501 3887 677 3966 reipublicae,
692 3898 768 3947 etex
779 3906 880 3947 eorum
889 3906 1021 3956 numero,
1032 3887 1232 3964 qnipopulum

137 4000 154 4039 e
167 3978 280 4040 Biraseo
293 3978 481 4049 reduxerunt,
489 3989 520 4037 et
529 3978 637 4057 alioqui
646 3979 806 4059 popularis.
826 3979 886 4039 Sed
899 3990 999 4050 tamen
1006 3976 1078 4035 nibil
1091 3975 1233 4037 ciborum

138 4073 254 4152 proluit.
283 4072 401 4131 Merito.
429 4070 533 4151 Neque
547 4072 623 4131 enim
638 4091 674 4131 ex
689 4072 811 4132 semim
822 4072 933 4131 bonurn
946 4075 1060 4147 oportet
1073 4084 1140 4125 esse
1153 4086 1234 4147 eum,
1292 4112 1314 4161 .-

139 4166 286 4241 quitanta
302 4164 423 4242 negotia
445 4163 576 4243 suscipit,
597 4182 651 4225 nec
670 4164 696 4225 si
709 4164 783 4224 fides
805 4163 833 4223 ei
850 4162 1028 4241 adjungatur
1048 4176 1067 4215 a
1083 4158 1176 4231 vobis,
1196 4180 1234 4221 ea
1270 4224 1274 4229 ,

141 4256 221 4315 abuti
234 4255 272 4314 ad
291 4256 432 4335 majorum
447 4256 588 4327 scelerum
601 4256 766 4324 licentiam
788 4254 842 4314 sed
860 4252 1009 4330 planesos
1027 4248 1110 4309 nulla
1129 4250 1235 4331 injuria

141 4346 178 4407 de
192 4345 335 4407 industria
347 4347 473 4407 allicere.

176 4439 232 4515 ¹78¹.
254 4436 286 4497 Si
304 4438 376 4515 quid
388 4438 476 4517 igitur
496 4456 596 4501 eorum
610 4438 660 4499 isti
678 4459 738 4499 non
751 4442 964 4516 perpetrarunt,
979 4446 1179 4516 propterque
