2934 5000
403 267 463 332 nn
484 245 758 333 nnannn‘srn
780 268 1029 332 rnorrtonn.
1204 271 1263 330 2³⁵

605 559 801 621 DEVOTlO.

152 672 229 738 Huc
249 686 415 763 pronubis,
438 688 646 764 Athenienres,
667 691 699 748 in
720 689 844 767 singulis
860 688 1051 752 concionibus
1070 707 1168 768 preco
1184 699 1254 750 reta

63 795 67 798 ’
150 768 236 842 stelit
247 775 388 838 mandata
399 778 523 860 legibus,
537 792 569 841 et
580 801 649 842 curn
668 791 787 844 renatus
799 781 945 856 consedit,
963 782 1043 862 apud
1055 801 1123 842 aum
1136 783 1250 862 repetit.

151 861 258 942 Neque
266 867 322 928 iste
331 888 365 930 ee
377 870 443 932 hec
455 873 809 954 ignorarepotestdicere
819 895 828 933 ι
837 873 906 932 dum
916 875 993 934 enirn
1007 874 1157 954 scriptioni
1169 875 1250 954 apud

149 973 204 1014 vor
216 956 302 1018 daret
318 978 458 1040 eperum,¹¹
470 975 502 1024 et
517 965 636 1026 senatui
656 965 820 1037 inserviret,
837 965 900 1044 ipae
918 965 1014 1044 legem
1033 966 1110 1026 hanc
1122 968 1250 1046 praeconi

148 1052 314 1112 enarrabat.
331 1053 448 1117 Annon
459 1054 721 1136 igitnrabrurdum
733 1054 887 1134 quiddam,
896 1065 927 1116 et
938 1076 1032 1116 rerum
1048 1068 1161 1136 naturae
1175 1077 1247 1120 con·-

146 1140 267 1211 Wluffl
277 1144 423 1221 laceretis,
436 1148 552 1228 ri,·quse
566 1147 796 1222 mandatis‚'imo
809 1166 876 1226 quse
894 1149 1050 1226 petitlr‚·ut
1068 1149 1106 1208 dii
1119 1161 1247 1210 vestram

137 1232 240 1304 55⁰0ss
253 1251 463 1319 exsequantur,
477 1263 593 1304 eanum
614 1242 703 1302 hodie
716 1242 747 1300 in
768 1246 915 1320 vestrapte
932 1258 1023 1302 manu
1039 1241 1107 1314 sint,
1122 1262 1182 1302 nen
1203 1244 1247 1304 fa·

144 1326 247 1386 cietir:
270 1332 326 1390 red
337 1335 477 1411 quemab
486 1334 544 1395 illis
557 1333 634 1395 male
648 1334 732 1413 perdi
745 1333 862 1412 optatis,
876 1332 983 1411 ipsum,
998 1342 1030 1392 et
1044 1353 1148 1410 genus,
1161 1335 1247 1394 etla-

144 1413 257 1476 miliam
267 1420 343 1498 ejus,
359 1443 427 1483 eum
436 1424 501 1504 ipsi
518 1424 702 1486 absolvetirl·
716 1423 922 1503 Nequaquam.
946 1423 1023 1482 Nam
1033 1421 1083 1500 qui
1096 1442 1148 1482 voa
1162 1424 1245 1484 fefel-

143 1504 220 1580 lerit,
241 1529 309 1570 eum
334 1514 390 1574 diis
413 1516 593 1594 puniendum
612 1516 785 1597 relinquite:
814 1534 902 1600 quem
918 1525 986 1574 reto
1008 1514 1064 1594 ipsi
1083 1511 1244 1593 deprehen-

143 1597 519 1689 deritindeeonihitjam
532 1609 786 1670 illirmandatote.
1150 1675 1156 1686 ,

135 1743 142 1750 .
185 1695 235 1752 25.
256 1695 303 1754 Ee
316 1708 415 1759 autem
425 1701 616 1779 impudentia
625 1711 657 1764 et
670 1700 802 1762 audaciae
812 1711 966 1762 venturum
982 1717 1049 1760 eum
1063 1719 1129 1760 esre
1143 1698 1243 1780 audio,

142 1793 188 1854 ut,
201 1787 338 1849 omnibus
351 1791 426 1852 actis
444 1792 568 1867 cedens,
583 1813 651 1873 quse
663 1793 856 1866 renunciavit,
869 1811 936 1870 que
949 1792 1098 1870 pollicitus
1122 1800 1176 1864 est,
1191 1813 1243 1871 per

141 1891 210 1952 quta
223 1882 432 1960 rempublicam
441 1884 568 1966 decepit,
582 1896 724 1966 tanquam
745 1885 824 1964 apud
841 1883 915 1944 alios
927 1881 1081 1964 quospiam
1095 1882 1241 1963 judicium

139 1983 319 2042 numeror,
331 1993 391 2032 non
404 1976 484 2054 apud
497 1979 612 2056 torqui
625 1979 724 2036 omnia
736 1979 841 2047 nostis,
854 1977 977 2055 primunr
989 1975 1239 2048 Lacedaemonios,

139 2057 249 2122 deinde
255 2063 437 2141 Phocenses,
442 2069 568 2147 denique
577 2069 777 2148 Hegeaippum
782 2069 821 2126 sit
829 2077 1029 2128 accusaturus.
1039 2068 1114 2137 Qum
1120 2067 1238 2147 quidem

138 2150 265 2214 ridicula
275 2166 355 2234 sunt,
367 2157 414 2218 rel
427 2177 550 2219 ruminae
561 2161 660 2240 potius
672 2166 742 2218 rrrnt
753 2158 951 2235 impudentiae.
980 2157 1054 2225 Quor
1064 2159 1140 2218 enim
1159 2179 1238 2222 nunc
1363 2195 1368 2204 ·

138 2243 220 2304 dicet
238 2245 283 2316 de,
295 2248 506 2325 Phocenribnr,'
523 2261 575 2312 aut
592 2248 838 2319 Lacedaemoniis,
862 2258 914 2308 aut
929 2247 1111 2326 Hegerippo,
1132 2259 1183 2308 aut
1201 2251 1238 2310 de
1347 2297 1351 2304 .

138 2333 277 2398 Proxeno
290 2346 479 2422 non'reoepte
489 2343 591 2417 abeis,
605 2351 658 2403 aut
669 2342 708 2402 de
720 2340 868 2419 impietate
877 2359 988 2413 eorum,
998 2349 1051 2402 aut
1063 2359 1237 2420 quocunque

136 2421 318 2494 nomineeor
331 2431 958 2510 accuufflteacertefactaluerantomnia,
971 2431 1139 2513 priusquam
1149 2431 1238 2513 legati
1299 2443 1304 2448 '
1384 2423 1391 2434 '

136 2520 186 2581 isti
198 2520 259 2585 huc
271 2523 436 2589 remittent:
458 2547 554 2607 neque
571 2529 742 2598 obstabant,¹
753 2544 811 2605 quo
824 2525 921 2585 minus
935 2523 1102 2585 Phocenses
1117 2544 1236 2587 conser-

136 2626 284 2691 varentur,
292 2638 355 2699 quo
363 2620 502 2681 anctore?
522 2619 617 2681 isthec
630 2620 696 2699 ipae
706 2610 857 2691 AEschine.
876 2616 981 2695 Neque
994 2614 1071 2677 enim
1086 2614 1112 2675 si
1124 2618 1237 2695 absque

135 2702 367 2773 Laoedremoniir
380 2724 471 2787 erret,
482 2732 578 2791 neque
591 2713 617 2771 si
638 2711 805 2771 Proxenum
823 2729 882 2769 non
896 2706 1080 2787 repulissent,
1099 2708 1201 2785 neque
1211 2710 1235 2769 si

135 2817 190 2877 per
199 2800 401 2884 Hegerippnm
410 2824 470 2868 nen
480 2805 619 2877 rtetirret,
630 2823 727 2883 neque
738 2802 762 2861 si
772 2802 831 2861 hoc
844 2801 889 2861 rel
900 2800 973 2859 illud
983 2819 1044 2860 non
1057 2794 1234 2879 impedirent,

133 2904 340 2956 cmrerratnm
352 2898 388 2957 iri
397 2898 579 2971 Phocenses,
590 2916 651 2959 non
665 2896 706 2956 ita
718 2904 782 2955 tum
796 2892 994 2955 renunciavit:
1016 2891 1070 2953 red
1081 2893 1128 2956 hir
1141 2894 1234 2953 omni·

133 2983 191 3043 bur
203 2988 370 3061 preteritis,
381 3008 414 3050 re
426 2990 563 3051 adverus
577 2988 673 3049 verbis
687 2986 803 3047 disertis
816 2984 901 3059 dixit,
915 3004 951 3045 ac
967 2985 1148 3064 pennarum
1163 2984 1233 3044 Phi·

131 3072 216 3152 lippo
227 3084 263 3134 nt
271 3076 442 3139 Phocenses
450 3088 648 3150 eonsenrret,
657 3076 823 3137 ntlloeotisa
836 3078 924 3135 urbes
937 3078 1122 3147 instauraret,
1136 3085 1169 3135 ut
1181 3096 1232 3137 ve-

134 3172 204 3223 m
218 3166 516 3247 eucmrintirsgotia
526 3168 729 3237 eommitteret,
741 3154 788 3225 ¹ea
801 3165 899 3245 rtatim
915 3165 1084 3225 confectum
1100 3165 1134 3223 iri
1156 3165 1233 3227 intre
1287 3228 1295 3253 ι

132 3254 267 3330 biduum,
272 3268 328 3319 'aut
340 3259 480 3332 triduum,
491 3268 645 3339 prepterea
656 3277 689 3319 re
702 3255 880 3321 atrebaris
892 3256 1095 3335 proscriptum,
1108 3256 1232 3335 promis·

133 3347 509 3433 rapinterfecteripecunia.

173 3442 222 3501 2&
246 3440 295 3503 Ne
305 3442 397 3524 igitur
408 3463 446 3505 aa
466 3464 534 3525 ane
552 3456 622 3506 ante
634 3445 719 3506 iatine
732 3442 983 3505 renunciationem
996 3442 1043 3503 rel
1062 3443 1231 3505 alacedar·

123 3533 239 3595 moniis
258 3535 340 3599 facta
358 3537 497 3613 luerunt,-
509 3538 558 3599 rel
570 3559 589 3599 a
603 3536 817 3610 Phocensibns,
842 3536 977 3607 audiatis,
999 3545 1051 3597 eut
1070 3538 1230 3616 patiamini,

131 3645 230 3706 nque
240 3627 438 3692 Phocenrium
451 3648 590 3693 accurare
603 3631 816 3711 improbitatem
827 3628 939 3691 sinatis.
963 3628 1069 3709 Neque
1081 3632 1158 3691 enim
1169 3629 1231 3693 La·

131 3720 328 3783 wdomonior
340 3723 408 3793 elim
421 3734 539 3804 propter
550 3723 686 3791 uirtutem
699 3741 801 3783 eorum
814 3722 1017 3795 eonsewrrtir,
1030 3736 1127 3801 neque
1145 3738 1230 3781 exre·

131 3810 257 3875 crmdor
266 3814 537 3888 illorEnboeenrer,
547 3826 643 3894 neque
652 3813 727 3875 alios
740 3814 866 3875 multer:
880 3813 935 3874 aad
947 3812 1028 3891 quod
1040 3830 1093 3872 ees
1106 3828 1171 3871 esse
1184 3812 1229 3871 in·

128 3904 455 3987 cdrnoe‚ereput›liea
462 3906 535 3980 arat,
544 3916 579 3967 nt
585 3907 675 3969 etiam
683 3924 764 3967 nnnc
774 3905 953 3969 Phocenses.
967 3904 1005 3963 Et
1013 3903 1084 3980 quid
1094 3901 1231 3963 Phocen-

129 4009 257 4071 aersaut
268 4000 492 4075 laoedamonii,
506 4012 557 4063 ant
573 4019 639 4073 ror,
653 4009 704 4060 aut
718 3999 769 4059 alii
790 3998 879 4079 aliqui
893 3994 1030 4057 mortales
1053 3992 1229 4071 deliquerint

128 4093 297 4169 portianus
308 4080 407 4166 rerba,
427 4114 488 4174 qno
499 4095 597 4155 minor
608 4098 672 4170 ejus
690 4092 849 4155 oudonem
863 4096 986 4149 arentur
1001 4094 1183 4163 sequeretur,
1197 4088 1227 4151 id

128 4183 264 4261 rogitate·
278 4184 384 4263 Neque
394 4187 474 4249 enim
483 4186 637 4249 orentes
648 4195 756 4266 potert.
779 4182 858 4241 Nam
867 4178 995 4258 quinque
1009 4174 1073 4235 dier
1083 4174 1228 4242 duntaxat

125 4274 365 4351 intercurrerunt,
387 4281 420 4341 in
439 4280 546 4358 quitur
566 4278 622 4339 irte
643 4276 722 4337 falsa
740 4270 936 4337 renunciavit:
967 4285 1020 4328 vor
1043 4268 1224 4335 credidistis:

125 4366 494 4435 Pramumdv'emnrs
508 4390 541 4431 ro
554 4367 750 4431 dedidemntt-
759 4362 917 4461 pepierunt.
929 4357 1018 4421 Unde
1025 4360 1127 4441 opinor
1135 4364 1224 4427 etiarn
