2934 5000
252 300 311 362 ms
486 297 545 360 nn
566 297 686 360 mrsu
708 277 845 358 entre
860 293 1113 357 messione

178 519 179 526 χ
251 447 321 534 ipis
335 454 422 514 ermis
443 453 532 533 cepit,
549 450 632 531 quod
651 450 761 512 nemini
773 447 939 510 mortalium
957 465 1090 527 unquam
1107 446 1242 526 oouu'git,
1252 467 1353 528 neque

251 545 292 607 iili
315 545 406 607 solem
424 547 640 616 reverebantur,
660 543 719 622 qui*
731 541 763 603 id
774 543 913 621 egebunt,
928 559 1025 619 neque
1046 549 1154 600 terrum
1172 539 1308 619 putrium,
1321 541 1353 601 in

251 661 313 721 qun
326 641 452 710 stabnt,
472 659 567 718 neque
582 638 660 710 funs,
680 654 776 715 neque
788 635 970 698 monimento
981 633 1131 712 nesiorum,
1151 650 1208 690 nec
1219 632 1352 693 dedecus

222 759 224 768 ’
251 751 288 793 es
300 732 430 792 incinere
442 741 620 790 secuturum.
657 729 762 805 Usque
775 725 850 788 ndeo
866 725 1026 795 vecordes,
1038 723 1244 794 Athenienses,
1262 734 1295 784 et
1303 735 1353 784 nt-

252 825 361 884 tonitos
376 824 487 883 faciunt
506 821 689 899 largitionem
716 820 779 879 Vos
792 819 890 898 igitur,
910 837 976 888 ros,
987 817 1117 893 inquam
1134 816 1226 885 cives,
1247 827 1281 876 et
1301 837 1351 877 sn·

252 914 349 994 pictis,
363 925 394 974 et
407 915 445 974 s'd
455 912 665 973 uliatactnore
673 929 733 970 noo
746 909 947 980 connivebitis,
960 906 1015 968 sed
1027 927 1066 966 es
1077 906 1193 984 publice
1212 907 1352 986 punietis.

254 1006 334 1066 Nibil
355 1006 430 1066 enim
442 1003 505 1064 fieri
519 1013 613 1082 quent.
621 1003 787 1075 absurdius,
803 1020 892 1080 quum
904 999 1095 1067 committere,
1117 999 1233 1056 cumin
1251 1000 1353 1078 prodi·

252 1095 551 1176 toresOlynthiorum
566 1095 660 1156 multu
678 1095 789 1156 atrocis
801 1091 996 1160 decreveritis,
1017 1102 1114 1149 utens
1126 1089 1178 1168 qui
1189 1090 1272 1168 epud
1282 1110 1353 1150 vos·

138 1249 145 1260 ,
252 1189 393 1268 metipsos
407 1185 603 1266 deliquerunt,
615 1206 673 1248 non
687 1184 826 1266 punietis.
847 1185 913 1262 Age
925 1183 1017 1244 recitu
1030 1181 1182 1241 decrmum
1194 1181 1233 1241 de
1253 1181 1352 1264 Olyn-

253 1281 322 1342 thiis
334 1279 456 1340 tentum.

443 1380 446 1386 ’
680 1416 927 1482 nncnsvuru.

254 1549 405 1622 lienosos,
421 1548 547 1634 judices,
569 1560 648 1612 rente
666 1550 866 1628 prmclnreque
887 1548 1017 1608 omnium
1035 1555 1066 1608 et
1086 1545 1259 1607 Groecomm
1279 1567 1351 1608 cun·

253 1659 342 1706 sensu
356 1645 387 1705 it
397 1647 597 1714 barbirornm,
611 1641 780 1704 decrevistis
793 1641 823 1699 iu
843 1639 1017 1717 proditores,
1029 1649 1061 1697 et
1071 1637 1205 1708 homines
1218 1639 1276 1698 diis
1297 1641 1350 1699 ini·

253 1738 356 1798 miens.
392 1736 467 1794 Cum
482 1735 568 1812 igitur
580 1733 745 1810 ecceptutin
760 1750 912 1790 munerum
924 1729 994 1789 telin
1005 1730 1138 1790 iecinorn
1149 1731 1309 1808 precem,
1320 1743 1351 1792 et

250 1837 371 1905 propter
379 1825 431 1884 ills
441 1825 529 1884 etium
537 1825 601 1886 haec
615 1823 732 1901 quidum
746 1821 911 1892 admittunt,
920 1839 1135 1900 quemcunque,
1145 1822 1349 1895 Athenienses,

253 1929 406 1996 acceptare
427 1933 546 1975 munere
566 1914 706 1988 videritis,
725 1933 791 1974 eum
814 1914 901 1980 etiem
922 1913 1099 1992 proditorem
1122 1933 1187 1974 esse
1206 1927 1349 1994 putatote.

254 2009 343 2076 Quod
362 2009 387 2068 si
403 2009 478 2068 elius
496 2007 675 2074 occasiones,
689 2005 763 2066 nlius
786 2006 914 2083 negotis,
932 2004 1007 2065 nlius
1021 2005 1127 2066 milites
1149 2007 1257 2085 prodit,
1269 2009 1349 2085 quic·

253 2099 324 2180 quid
336 2101 458 2178 singulis
466 2099 653 2162 commissum
662 2097 749 2158 luerit
766 2097 797 2156 id
806 2096 909 2176 utique
917 2097 1056 2176 perdunt
1072 2098 1349 2176 AEquenutemtules

253 2207 355 2252 omnes
369 2192 451 2270 digni
464 2202 533 2250 sunt
544 2189 624 2252 odio.
1006 2223 1008 2227 .

292 2285 341 2344 76.
363 2283 402 2342 Et
415 2299 478 2355 vos,
498 2281 707 2351 Athenienses,
720 2281 752 2340 in
774 2301 812 2342 es
832 2300 863 2340 re
884 2281 939 2340 soli
961 2281 1106 2360 exemplis
1119 2281 1163 2340 uti
1179 2280 1350 2346 domesticis

250 2375 382 2454 potestis,
403 2366 440 2434 et'
451 2373 586 2452 majores,
600 2391 675 2451 quos
684 2373 752 2450 jure
773 2371 913 2442 lsudntis,
932 2372 997 2449 ipss
1017 2391 1049 2430 re
1068 2372 1181 2434 imitari.
1213 2373 1302 2441 Quod
1320 2379 1348 2436 si

251 2463 363 2547 proelis,
375 2474 406 2525 et
423 2465 636 2544 expeditiones,
650 2473 678 2523 et
692 2461 870 2533 discrimine,
888 2462 917 2521 in
932 2461 1039 2540 quibus
1057 2463 1099 2524 illi
1112 2464 1228 2524 luerunt
1245 2465 1350 2545 splen-

253 2559 326 2630 didi,
344 2560 401 2617 hoc
419 2568 549 2639 tempore
570 2574 630 2615 non
650 2553 795 2623 incidunt,
818 2572 887 2613 cum
908 2554 999 2613 otium
1019 2574 1100 2615 nunc
1118 2576 1171 2615 vos
1192 2559 1297 2633 egetis,
1316 2573 1350 2621 st

251 2648 437 2729 prudentiam
447 2666 547 2709 eorum
562 2644 722 2713 imitemini,
735 2662 794 2722 qun
806 2644 901 2705 ubivis
914 2654 962 2705 est
973 2664 1058 2722 opus.
1081 2646 1185 2724 Neque
1197 2652 1349 2726 operuerim

253 2755 310 2813 est,
325 2753 377 2802 eut
389 2742 551 2811 molestius,
566 2758 678 2818 sapere,
692 2756 779 2816 qunm
792 2737 936 2816 desipere.
958 2739 1019 2798 Sed
1028 2739 1093 2817 peri
1105 2740 1202 2819 spatio
1211 2746 1349 2822 temporis

253 2834 358 2895 sedens
372 2844 501 2893 vestrum
511 2831 641 2909 quisque,
656 2830 681 2891 si
695 2848 763 2906 quoe
775 2839 892 2909 oportet
903 2830 941 2888 de
955 2832 1043 2889 rebus
1057 2832 1191 2892 statuerit
1203 2844 1235 2893 et
1247 2834 1351 2899 decre·

251 2928 336 2998 verit,
351 2923 523 3001 reipublice¹
538 2922 700 2983 commodis
722 2922 866 2993 consulet,
880 2932 912 2981 et
929 2942 948 2982 u
966 2922 1110 3000 dignitate
1129 2925 1273 3004 majorum
1287 2950 1350 2991 nnn

253 3015 461 3096 degenerabit:
483 3015 528 3073 sin
548 3033 614 3092 qum
633 3014 791 3086 dedecent,
814 3023 922 3076 sutum
935 3033 1030 3073 rerum
1047 3019 1246 3079 communium
1266 3022 1349 3083 dete-

252 3111 357 3181 riorem
372 3107 470 3178 saciet,
483 3117 514 3167 et
526 3106 680 3185 iudignum
695 3107 862 3185 majoribus.
888 3106 932 3166 Ut
944 3106 1030 3183 igitur
1048 3106 1090 3166 illi
1103 3110 1131 3167 in
1145 3108 1218 3170 istos
1230 3113 1351 3177 metunt

251 3198 393 3267 mimoni
416 3198 490 3258 Hsec
503 3200 704 3277 cepe-scribe,
714 3209 745 3259 et
757 3197 836 3276 lege.
857 3198 1106 3276 cognoscendum
1115 3201 1193 3259 enim
1201 3206 1348 3281 vobisest,

252 3314 304 3357 vos
318 3295 348 3355 in
361 3292 396 3353 iis
408 3292 495 3353 rebus
514 3310 578 3355 esse
592 3310 709 3371 segnes,
723 3300 839 3372 propter
852 3308 926 3367 quus
944 3300 1045 3351 sontes
1056 3293 1158 3371 cupitis
1172 3294 1352 3361 demnnrunt

252 3388 384 3466 majores.
407 3384 585 3447 Recitehss

278 3602 281 3613 .
584 3548 745 3613 LITERAE
766 3550 998 3615 DELECTUS.
1345 3631 1350 3635 g

252 3667 385 3737 Auditis,
399 3667 605 3737 Athenienses,
620 3668 677 3729 boc
692 3669 801 3749 scripto
812 3673 967 3745 contineri,
979 3673 1141 3733 Amhminm
1155 3674 1352 3755 Pyficnseti.

145 3776 149 3787 '
253 3762 288 3821 F.
303 3759 437 3829 Zelitnm,
447 3759 613 3839 judicatum
627 3780 692 3821 esse
704 3761 855 3823 inimicum
867 3776 899 3823 et
911 3765 1025 3825 hostem
1038 3768 1140 3847 populi
1159 3768 1350 3835 memmi,

120 3922 121 3930 χ
200 3912 204 3930 ,
252 3851 449 3924 etsociorum,
469 3850 563 3929 ipsum
581 3859 612 3909 et
628 3854 794 3912 universnm
808 3859 872 3929 ejus
886 3858 1093 3935 genuncnri
1114 3860 1196 3937 quod
1213 3880 1316 3924 summ
1329 3886 1350 3926 a

252 3942 389 4006 Berbniis
403 3944 432 4002 in
446 3942 591 4003 Grecism
605 3942 721 4001 invexit.
757 3945 836 4005 Hinc
849 3950 972 4026 apparet
984 3948 1128 4022 nimirum,
1145 3960 1178 4011 et
1187 3953 1348 4033 majoribus

251 4038 367 4108 vestris,
386 4058 424 4097 ne
438 4036 593 4115 quisquam
604 4034 772 4095 ‘mortalium
790 4050 910 4117 propter
922 4041 1088 4119 pecuniam,
1106 4043 1228 4108 cladem*
1239 4046 1352 4127 impor.

251 4132 326 4203 teret
338 4128 472 4199 Grsecise,
485 4127 576 4187 fuisse
589 4144 684 4186 curse:
707 4131 809 4200 etvos
827 4148 885 4188 nec
904 4131 978 4191 illud
997 4139 1116 4204 csvere,
1130 4154 1169 4193 ne
1184 4146 1348 4200 vestromrn

250 4220 356 4283 bivium
371 4220 475 4300 uliquis
492 4219 658 4298 reipublice
672 4218 804 4297 injurium
818 4222 916 4282 leniet.
941 4225 982 4284 At
993 4226 1112 4287 hercule
1125 4227 1156 4285 id
1174 4246 1348 4292 monumen·

251 4322 314 4371 tum
327 4322 475 4391 utcunque
489 4309 666 4373 collocutum
680 4312 749 4371 esti
769 4314 834 4373 Imo
844 4334 912 4375 cum
926 4316 1065 4379 brectotn
1077 4338 1129 4379 srx
1142 4319 1182 4379 sit
1194 4338 1348 4383 sacrosan

249 4414 308 4476 ets,
318 4414 349 4463 et
362 4402 489 4481 emplum
503 4405 629 4484 spatium
641 4418 778 4487 occupet,
786 4408 874 4486 juste
886 4427 992 4470 eresm
1005 4410 1085 4472 illem
1098 4421 1129 4474 et
1140 4430 1278 4493 magnum
1287 4414 1347 4477 tti-
