<?xml version="1.0" encoding="UTF-8"?>
<!DOCTYPE html PUBLIC "-//W3C//DTD XHTML 1.0 Transitional//EN"
    "http://www.w3.org/TR/xhtml1/DTD/xhtml1-transitional.dtd">
<html xmlns="http://www.w3.org/1999/xhtml" xml:lang="en" lang="en">
 <head>
  <title>
</title>
<meta http-equiv="Content-Type" content="text/html;charset=utf-8" />
  <meta name='ocr-system' content='tesseract 3.04.00' />
  <meta name='ocr-capabilities' content='ocr_page ocr_carea ocr_par ocr_line ocrx_word'/>
</head>
<body>
  <div class='ocr_page' id='page_1' title='image "./demosthenisetsc09ulpigoog/demosthenisetsc09ulpigoog_0488.png"; bbox 0 0 2934 5000; ppageno 0'>
   <div class='ocr_carea' id='block_1_1' title="bbox 295 299 1094 380">
    <p class='ocr_par' dir='ltr' id='par_1_1' title="bbox 295 299 1094 380">
     <span class='ocr_line' id='line_1_1' title="bbox 295 299 1094 380; baseline -0.015 -6"><span class='ocrx_word' id='word_1_1' title='bbox 295 314 357 374; x_wconf 72' lang='grc'>448</span> <span class='ocrx_word' id='word_1_2' title='bbox 394 371 402 380; x_wconf 93' lang='grc'><strong>,</strong></span> <span class='ocrx_word' id='word_1_3' title='bbox 596 305 773 372; x_wconf 62' lang='lat' dir='ltr'>CONTRA</span> <span class='ocrx_word' id='word_1_4' title='bbox 797 299 1094 368; x_wconf 62' lang='lat' dir='ltr'>timoratorum.</span> 
     </span>
    </p>
   </div>
   <div class='ocr_carea' id='block_1_2' title="bbox 220 457 1410 2104">
    <p class='ocr_par' dir='ltr' id='par_1_2' title="bbox 220 457 1410 728">
     <span class='ocr_line' id='line_1_2' title="bbox 291 457 1410 544; baseline -0.011 -18"><span class='ocrx_word' id='word_1_5' title='bbox 291 476 391 528; x_wconf 77' lang='lat' dir='ltr'>samm</span> <span class='ocrx_word' id='word_1_6' title='bbox 393 461 811 544; x_wconf 60' lang='lat' dir='ltr'>,Umocratemlegemis&#39;tam</span> <span class='ocrx_word' id='word_1_7' title='bbox 820 457 1410 536; x_wconf 70' lang='lat' dir='ltr'>musremmmtnlmsnpmremmpte</span> 
     </span>
     <span class='ocr_line' id='line_1_3' title="bbox 220 548 1407 635; baseline -0.01 -16"><span class='ocrx_word' id='word_1_8' title='bbox 220 563 223 569; x_wconf 87' lang='lat'>&#39;</span> <span class='ocrx_word' id='word_1_9' title='bbox 292 576 402 625; x_wconf 85' lang='lat' dir='ltr'>causa,</span> <span class='ocrx_word' id='word_1_10' title='bbox 422 555 785 635; x_wconf 73' lang='lat' dir='ltr'>mulmenimingareuda</span> <span class='ocrx_word' id='word_1_11' title='bbox 797 553 989 634; x_wconf 83' lang='lat' dir='ltr'>republicase</span> <span class='ocrx_word' id='word_1_12' title='bbox 1002 549 1223 628; x_wconf 72' lang='lat' dir='ltr'>carcaradigna</span> <span class='ocrx_word' id='word_1_13' title='bbox 1232 548 1407 616; x_wconf 76' lang='grc' dir='ltr'><strong>ιιιιίιιιιι,</strong></span> 
     </span>
     <span class='ocr_line' id='line_1_4' title="bbox 293 648 496 728; baseline -0.016 -20"><span class='ocrx_word' id='word_1_14' title='bbox 293 649 358 728; x_wconf 82' lang='lat' dir='ltr'>ipre</span> <span class='ocrx_word' id='word_1_15' title='bbox 371 648 496 708; x_wconf 76' lang='lat' dir='ltr'>censuit.</span> 
     </span>
    </p>

    <p class='ocr_par' dir='ltr' id='par_1_3' title="bbox 291 679 1409 2104">
     <span class='ocr_line' id='line_1_5' title="bbox 333 679 1409 816; baseline -0.009 -18"><span class='ocrx_word' id='word_1_16' title='bbox 333 741 386 798; x_wconf 78' lang='lat'>49.</span> <span class='ocrx_word' id='word_1_17' title='bbox 404 739 482 799; x_wconf 91' lang='lat' dir='ltr'>lllud</span> <span class='ocrx_word' id='word_1_18' title='bbox 495 740 583 800; x_wconf 86' lang='lat' dir='ltr'>etiam</span> <span class='ocrx_word' id='word_1_19' title='bbox 596 737 680 798; x_wconf 77' lang='lat' dir='ltr'>vobis</span> <span class='ocrx_word' id='word_1_20' title='bbox 692 737 835 804; x_wconf 80' lang='lat' dir='ltr'>recitabo,</span> <span class='ocrx_word' id='word_1_21' title='bbox 854 735 935 816; x_wconf 85' lang='lat' dir='ltr'>quod</span> <span class='ocrx_word' id='word_1_22' title='bbox 955 679 1095 794; x_wconf 82' lang='lat' dir='ltr'>Solodem</span> <span class='ocrx_word' id='word_1_23' title='bbox 1109 730 1272 810; x_wconf 87' lang='lat' dir='ltr'>aliquando</span> <span class='ocrx_word' id='word_1_24' title='bbox 1293 729 1409 789; x_wconf 80' lang='lat' dir='ltr'>dixisse</span> 
     </span>
     <span class='ocr_line' id='line_1_6' title="bbox 291 825 1408 930; baseline -0.007 -40"><span class='ocrx_word' id='word_1_25' title='bbox 291 831 392 890; x_wconf 79' lang='lat' dir='ltr'>lerunt</span> <span class='ocrx_word' id='word_1_26' title='bbox 403 829 483 910; x_wconf 88' lang='lat' dir='ltr'>apud</span> <span class='ocrx_word' id='word_1_27' title='bbox 492 829 638 910; x_wconf 69' lang='lat' dir='ltr'>judicen&#39;</span> <span class='ocrx_word' id='word_1_28' title='bbox 629 849 661 888; x_wconf 89' lang='grc' dir='ltr'>ιι</span> <span class='ocrx_word' id='word_1_29' title='bbox 672 848 710 888; x_wconf 87' lang='lat' dir='ltr'>eo</span> <span class='ocrx_word' id='word_1_30' title='bbox 722 827 891 887; x_wconf 89' lang='lat' dir='ltr'>accusando</span> <span class='ocrx_word' id='word_1_31' title='bbox 899 846 950 904; x_wconf 87' lang='lat' dir='ltr'>qur</span> <span class='ocrx_word' id='word_1_32' title='bbox 941 825 1053 930; x_wconf 74' lang='lat' dir='ltr'>legem</span> <span class='ocrx_word' id='word_1_33' title='bbox 1064 825 1261 903; x_wconf 79' lang='lat' dir='ltr'>perniciosam</span> <span class='ocrx_word' id='word_1_34' title='bbox 1273 835 1408 930; x_wconf 73' lang='lat' dir='ltr'>rogarat,</span> 
     </span>
     <span class='ocr_line' id='line_1_7' title="bbox 292 915 1407 998; baseline -0.007 -16"><span class='ocrx_word' id='word_1_35' title='bbox 292 924 324 982; x_wconf 92' lang='lat' dir='ltr'>in</span> <span class='ocrx_word' id='word_1_36' title='bbox 338 923 415 983; x_wconf 87' lang='lat' dir='ltr'>hanc</span> <span class='ocrx_word' id='word_1_37' title='bbox 427 921 622 988; x_wconf 77' lang='lat' dir='ltr'>sententiam:</span> <span class='ocrx_word' id='word_1_38' title='bbox 643 933 795 998; x_wconf 85' lang='lat' dir='ltr'>receptum</span> <span class='ocrx_word' id='word_1_39' title='bbox 810 937 875 980; x_wconf 87' lang='lat' dir='ltr'>ease</span> <span class='ocrx_word' id='word_1_40' title='bbox 887 918 918 976; x_wconf 89' lang='lat' dir='ltr'>in</span> <span class='ocrx_word' id='word_1_41' title='bbox 932 917 1097 978; x_wconf 80' lang='lat' dir='ltr'>universnm</span> <span class='ocrx_word' id='word_1_42' title='bbox 1111 916 1192 996; x_wconf 90' lang='lat' dir='ltr'>apud</span> <span class='ocrx_word' id='word_1_43' title='bbox 1205 935 1317 976; x_wconf 87' lang='lat' dir='ltr'>omnes</span> <span class='ocrx_word' id='word_1_44' title='bbox 1333 915 1407 974; x_wconf 84' lang='lat' dir='ltr'>ciri-</span> 
     </span>
     <span class='ocr_line' id='line_1_8' title="bbox 294 1007 1408 1092; baseline -0.007 -16"><span class='ocrx_word' id='word_1_45' title='bbox 294 1023 382 1084; x_wconf 83' lang='lat' dir='ltr'>tstcs,</span> <span class='ocrx_word' id='word_1_46' title='bbox 394 1014 444 1092; x_wconf 87' lang='lat' dir='ltr'>qni</span> <span class='ocrx_word' id='word_1_47' title='bbox 459 1025 607 1074; x_wconf 87' lang='lat' dir='ltr'>monetam</span> <span class='ocrx_word' id='word_1_48' title='bbox 621 1012 803 1083; x_wconf 71' lang='lat' dir='ltr'>adulterant,</span> <span class='ocrx_word' id='word_1_49' title='bbox 817 1022 851 1072; x_wconf 90' lang='lat' dir='ltr'>nt</span> <span class='ocrx_word' id='word_1_50' title='bbox 864 1021 956 1070; x_wconf 87' lang='lat' dir='ltr'>morte</span> <span class='ocrx_word' id='word_1_51' title='bbox 972 1010 1141 1070; x_wconf 87' lang='lat' dir='ltr'>mulctetur.</span> <span class='ocrx_word' id='word_1_52' title='bbox 1167 1007 1293 1068; x_wconf 81' lang='lat' dir='ltr'>Deinde</span> <span class='ocrx_word' id='word_1_53' title='bbox 1315 1007 1408 1068; x_wconf 81' lang='lat' dir='ltr'>inber·</span> 
     </span>
     <span class='ocr_line' id='line_1_9' title="bbox 295 1097 1407 1186; baseline -0.006 -21"><span class='ocrx_word' id='word_1_54' title='bbox 295 1125 415 1186; x_wconf 77' lang='lat' dir='ltr'>mgssae</span> <span class='ocrx_word' id='word_1_55' title='bbox 424 1106 553 1185; x_wconf 80' lang='lat' dir='ltr'>judices,</span> <span class='ocrx_word' id='word_1_56' title='bbox 567 1125 637 1164; x_wconf 90' lang='lat' dir='ltr'>num</span> <span class='ocrx_word' id='word_1_57' title='bbox 654 1105 698 1164; x_wconf 91' lang='lat' dir='ltr'>eis</span> <span class='ocrx_word' id='word_1_58' title='bbox 714 1123 757 1166; x_wconf 81' lang='grc' dir='ltr'>ιι</span> <span class='ocrx_word' id='word_1_59' title='bbox 770 1104 819 1164; x_wconf 84' lang='lat' dir='ltr'>lex</span> <span class='ocrx_word' id='word_1_60' title='bbox 833 1105 917 1183; x_wconf 86' lang='lat' dir='ltr'>justa</span> <span class='ocrx_word' id='word_1_61' title='bbox 929 1113 960 1162; x_wconf 91' lang='lat' dir='ltr'>et</span> <span class='ocrx_word' id='word_1_62' title='bbox 973 1101 1127 1182; x_wconf 73' lang='lat' dir='ltr'>laudabilis</span> <span class='ocrx_word' id='word_1_63' title='bbox 1148 1097 1315 1162; x_wconf 75' lang='lat' dir='ltr'>videratur.</span> <span class='ocrx_word' id='word_1_64' title='bbox 1348 1101 1407 1165; x_wconf 84' lang='lat' dir='ltr'>Qui</span> 
     </span>
     <span class='ocr_line' id='line_1_10' title="bbox 295 1190 1408 1276; baseline -0.009 -16"><span class='ocrx_word' id='word_1_65' title='bbox 295 1217 364 1260; x_wconf 83' lang='lat' dir='ltr'>cum</span> <span class='ocrx_word' id='word_1_66' title='bbox 377 1198 467 1258; x_wconf 87' lang='lat' dir='ltr'>rideri</span> <span class='ocrx_word' id='word_1_67' title='bbox 480 1197 536 1256; x_wconf 79' lang='lat' dir='ltr'>sibi</span> <span class='ocrx_word' id='word_1_68' title='bbox 548 1196 780 1276; x_wconf 69' lang='lat' dir='ltr'>respondissent,</span> <span class='ocrx_word' id='word_1_69' title='bbox 801 1195 1088 1274; x_wconf 70' lang='lat' dir='ltr'>subjectatapuure</span> <span class='ocrx_word' id='word_1_70' title='bbox 1101 1208 1178 1262; x_wconf 86' lang='lat' dir='ltr'>sese,</span> <span class='ocrx_word' id='word_1_71' title='bbox 1201 1190 1326 1270; x_wconf 78' lang='lat' dir='ltr'>argenti</span> <span class='ocrx_word' id='word_1_72' title='bbox 1343 1209 1408 1250; x_wconf 86' lang='lat' dir='ltr'>mo-</span> 
     </span>
     <span class='ocr_line' id='line_1_11' title="bbox 295 1283 1408 1368; baseline -0.004 -18"><span class='ocrx_word' id='word_1_73' title='bbox 295 1301 392 1352; x_wconf 88' lang='lat' dir='ltr'>netam</span> <span class='ocrx_word' id='word_1_74' title='bbox 408 1289 584 1368; x_wconf 85' lang='lat' dir='ltr'>privatomm</span> <span class='ocrx_word' id='word_1_75' title='bbox 603 1293 808 1348; x_wconf 78' lang='lat' dir='ltr'>cenumtuum</span> <span class='ocrx_word' id='word_1_76' title='bbox 824 1305 914 1346; x_wconf 88' lang='lat' dir='ltr'>causa</span> <span class='ocrx_word' id='word_1_77' title='bbox 933 1294 1077 1363; x_wconf 84' lang='lat' dir='ltr'>repertam</span> <span class='ocrx_word' id='word_1_78' title='bbox 1096 1283 1172 1344; x_wconf 87' lang='lat' dir='ltr'>inter</span> <span class='ocrx_word' id='word_1_79' title='bbox 1196 1284 1305 1346; x_wconf 80' lang='lat' dir='ltr'>cives:</span> <span class='ocrx_word' id='word_1_80' title='bbox 1325 1284 1408 1360; x_wconf 68' lang='lat' dir='ltr'>leges</span> 
     </span>
     <span class='ocr_line' id='line_1_12' title="bbox 296 1374 1409 1457; baseline -0.01 -13"><span class='ocrx_word' id='word_1_81' title='bbox 296 1390 561 1444; x_wconf 80' lang='lat' dir='ltr'>autemmonemm</span> <span class='ocrx_word' id='word_1_82' title='bbox 584 1399 652 1440; x_wconf 87' lang='lat' dir='ltr'>esee</span> <span class='ocrx_word' id='word_1_83' title='bbox 677 1378 857 1457; x_wconf 70' lang='lat' dir='ltr'>reipublice.</span> <span class='ocrx_word' id='word_1_84' title='bbox 889 1375 1010 1436; x_wconf 78' lang='lat' dir='ltr'>iudices</span> <span class='ocrx_word' id='word_1_85' title='bbox 1032 1374 1122 1456; x_wconf 79' lang='lat' dir='ltr'>igitur</span> <span class='ocrx_word' id='word_1_86' title='bbox 1139 1387 1292 1454; x_wconf 80' lang='lat' dir='ltr'>oportere,</span> <span class='ocrx_word' id='word_1_87' title='bbox 1314 1375 1409 1434; x_wconf 88' lang='lat' dir='ltr'>multo</span> 
     </span>
     <span class='ocr_line' id='line_1_13' title="bbox 296 1467 1408 1553; baseline -0.007 -19"><span class='ocrx_word' id='word_1_88' title='bbox 296 1475 392 1553; x_wconf 71' lang='lat' dir='ltr'>magis</span> <span class='ocrx_word' id='word_1_89' title='bbox 409 1474 435 1534; x_wconf 91' lang='lat' dir='ltr'>si</span> <span class='ocrx_word' id='word_1_90' title='bbox 452 1471 520 1553; x_wconf 89' lang='lat' dir='ltr'>quis</span> <span class='ocrx_word' id='word_1_91' title='bbox 537 1491 602 1532; x_wconf 86' lang='lat' dir='ltr'>eam</span> <span class='ocrx_word' id='word_1_92' title='bbox 621 1491 689 1552; x_wconf 85' lang='lat' dir='ltr'>quaa</span> <span class='ocrx_word' id='word_1_93' title='bbox 712 1470 839 1530; x_wconf 83' lang='lat' dir='ltr'>civitatis</span> <span class='ocrx_word' id='word_1_94' title='bbox 857 1479 976 1530; x_wconf 80' lang='lat' dir='ltr'>moneta</span> <span class='ocrx_word' id='word_1_95' title='bbox 998 1467 1039 1528; x_wconf 88' lang='lat' dir='ltr'>sit</span> <span class='ocrx_word' id='word_1_96' title='bbox 1056 1478 1234 1546; x_wconf 84' lang='lat' dir='ltr'>corrumpat,</span> <span class='ocrx_word' id='word_1_97' title='bbox 1255 1467 1362 1530; x_wconf 82' lang='lat' dir='ltr'>odisse</span> <span class='ocrx_word' id='word_1_98' title='bbox 1380 1479 1408 1526; x_wconf 87' lang='lat' dir='ltr'>et</span> 
     </span>
     <span class='ocr_line' id='line_1_14' title="bbox 295 1559 1408 1644; baseline -0.008 -19"><span class='ocrx_word' id='word_1_99' title='bbox 295 1566 409 1644; x_wconf 81' lang='lat' dir='ltr'>punire,</span> <span class='ocrx_word' id='word_1_100' title='bbox 421 1583 510 1643; x_wconf 87' lang='lat' dir='ltr'>quam</span> <span class='ocrx_word' id='word_1_101' title='bbox 531 1563 636 1642; x_wconf 89' lang='lat' dir='ltr'>siquis</span> <span class='ocrx_word' id='word_1_102' title='bbox 647 1581 715 1622; x_wconf 83' lang='lat' dir='ltr'>eam</span> <span class='ocrx_word' id='word_1_103' title='bbox 732 1581 801 1638; x_wconf 79' lang='lat' dir='ltr'>qum</span> <span class='ocrx_word' id='word_1_104' title='bbox 815 1561 854 1620; x_wconf 89' lang='lat' dir='ltr'>sit</span> <span class='ocrx_word' id='word_1_105' title='bbox 867 1559 1017 1620; x_wconf 87' lang='lat' dir='ltr'>bominum</span> <span class='ocrx_word' id='word_1_106' title='bbox 1035 1559 1224 1637; x_wconf 80' lang='lat' dir='ltr'>privatorum.</span> <span class='ocrx_word' id='word_1_107' title='bbox 1247 1559 1365 1638; x_wconf 79' lang='lat' dir='ltr'>&#39;Atque</span> <span class='ocrx_word' id='word_1_108' title='bbox 1378 1571 1408 1616; x_wconf 90' lang='grc' dir='ltr'>ιι</span> 
     </span>
     <span class='ocr_line' id='line_1_15' title="bbox 296 1651 1406 1738; baseline -0.009 -20"><span class='ocrx_word' id='word_1_109' title='bbox 296 1657 507 1738; x_wconf 70' lang='lat' dir='ltr'>intelligerent,</span> <span class='ocrx_word' id='word_1_110' title='bbox 518 1656 598 1716; x_wconf 88' lang='lat' dir='ltr'>baud</span> <span class='ocrx_word' id='word_1_111' title='bbox 620 1654 709 1715; x_wconf 89' lang='lat' dir='ltr'>dubie</span> <span class='ocrx_word' id='word_1_112' title='bbox 732 1653 829 1732; x_wconf 84' lang='lat' dir='ltr'>majus</span> <span class='ocrx_word' id='word_1_113' title='bbox 847 1671 914 1712; x_wconf 86' lang='lat' dir='ltr'>esse</span> <span class='ocrx_word' id='word_1_114' title='bbox 937 1651 1076 1712; x_wconf 86' lang='lat' dir='ltr'>delictum</span> <span class='ocrx_word' id='word_1_115' title='bbox 1097 1669 1294 1730; x_wconf 81' lang='lat' dir='ltr'>corrumpere</span> <span class='ocrx_word' id='word_1_116' title='bbox 1316 1652 1406 1729; x_wconf 66' lang='lat' dir='ltr'>leges,</span> 
     </span>
     <span class='ocr_line' id='line_1_16' title="bbox 296 1739 1405 1826; baseline -0.005 -18"><span class='ocrx_word' id='word_1_117' title='bbox 296 1764 385 1826; x_wconf 86' lang='lat' dir='ltr'>quam</span> <span class='ocrx_word' id='word_1_118' title='bbox 404 1747 568 1808; x_wconf 72' lang='lat' dir='ltr'>adulterare</span> <span class='ocrx_word' id='word_1_119' title='bbox 582 1753 741 1815; x_wconf 85' lang='lat' dir='ltr'>monetam,</span> <span class='ocrx_word' id='word_1_120' title='bbox 763 1741 931 1804; x_wconf 82' lang='lat' dir='ltr'>addidisse:</span> <span class='ocrx_word' id='word_1_121' title='bbox 952 1741 1061 1802; x_wconf 86' lang='lat' dir='ltr'>multas</span> <span class='ocrx_word' id='word_1_122' title='bbox 1078 1739 1213 1802; x_wconf 81' lang='lat' dir='ltr'>civitates</span> <span class='ocrx_word' id='word_1_123' title='bbox 1235 1761 1310 1820; x_wconf 72' lang='lat' dir='ltr'>qum</span> <span class='ocrx_word' id='word_1_124' title='bbox 1328 1742 1405 1802; x_wconf 87' lang='lat' dir='ltr'>band</span> 
     </span>
     <span class='ocr_line' id='line_1_17' title="bbox 296 1834 1407 1918; baseline -0.004 -16"><span class='ocrx_word' id='word_1_125' title='bbox 296 1839 514 1902; x_wconf 75' lang='lat' dir='ltr'>dissimulanter</span> <span class='ocrx_word' id='word_1_126' title='bbox 539 1849 670 1918; x_wconf 64' lang='lat' dir='ltr'>argentm</span> <span class='ocrx_word' id='word_1_127' title='bbox 696 1837 777 1916; x_wconf 90' lang='lat' dir='ltr'>quod</span> <span class='ocrx_word' id='word_1_128' title='bbox 802 1837 841 1897; x_wconf 87' lang='lat' dir='ltr'>sit</span> <span class='ocrx_word' id='word_1_129' title='bbox 860 1857 920 1898; x_wconf 85' lang='lat' dir='ltr'>rere</span> <span class='ocrx_word' id='word_1_130' title='bbox 944 1849 975 1896; x_wconf 86' lang='lat' dir='ltr'>et</span> <span class='ocrx_word' id='word_1_131' title='bbox 995 1834 1115 1914; x_wconf 86' lang='lat' dir='ltr'>plumbo</span> <span class='ocrx_word' id='word_1_132' title='bbox 1135 1846 1407 1916; x_wconf 83' lang='lat' dir='ltr'>contemperatum,</span> 
     </span>
     <span class='ocr_line' id='line_1_18' title="bbox 297 1929 1406 2008; baseline -0.004 -15"><span class='ocrx_word' id='word_1_133' title='bbox 297 1943 427 2002; x_wconf 82' lang='lat' dir='ltr'>utantur,</span> <span class='ocrx_word' id='word_1_134' title='bbox 442 1935 542 1990; x_wconf 83' lang='lat' dir='ltr'>tamen</span> <span class='ocrx_word' id='word_1_135' title='bbox 561 1949 629 1992; x_wconf 84' lang='lat' dir='ltr'>esse</span> <span class='ocrx_word' id='word_1_136' title='bbox 643 1929 816 1999; x_wconf 87' lang='lat' dir='ltr'>incolumes,</span> <span class='ocrx_word' id='word_1_137' title='bbox 837 1948 893 1988; x_wconf 86' lang='lat' dir='ltr'>uec</span> <span class='ocrx_word' id='word_1_138' title='bbox 908 1929 1001 1988; x_wconf 89' lang='lat' dir='ltr'>ullum</span> <span class='ocrx_word' id='word_1_139' title='bbox 1023 1947 1060 1988; x_wconf 85' lang='lat' dir='ltr'>ax</span> <span class='ocrx_word' id='word_1_140' title='bbox 1078 1947 1116 1988; x_wconf 88' lang='lat' dir='ltr'>ea</span> <span class='ocrx_word' id='word_1_141' title='bbox 1133 1947 1165 1988; x_wconf 85' lang='lat' dir='ltr'>ra</span> <span class='ocrx_word' id='word_1_142' title='bbox 1186 1947 1303 2008; x_wconf 85' lang='lat' dir='ltr'>capere</span> <span class='ocrx_word' id='word_1_143' title='bbox 1319 1930 1406 1990; x_wconf 88' lang='lat' dir='ltr'>detri-</span> 
     </span>
     <span class='ocr_line' id='line_1_19' title="bbox 295 2019 1406 2104; baseline -0.003 -20"><span class='ocrx_word' id='word_1_144' title='bbox 295 2033 445 2084; x_wconf 83' lang='grc' dir='ltr'><strong>ιιιιιιιιι</strong></span> <span class='ocrx_word' id='word_1_145' title='bbox 457 2033 489 2082; x_wconf 91' lang='lat' dir='ltr'>at</span> <span class='ocrx_word' id='word_1_146' title='bbox 501 2023 526 2081; x_wconf 87' lang='lat' dir='ltr'>si</span> <span class='ocrx_word' id='word_1_147' title='bbox 538 2022 588 2100; x_wconf 90' lang='lat' dir='ltr'>qui</span> <span class='ocrx_word' id='word_1_148' title='bbox 601 2021 722 2101; x_wconf 79' lang='lat' dir='ltr'>perinde</span> <span class='ocrx_word' id='word_1_149' title='bbox 737 2021 851 2100; x_wconf 81' lang='lat' dir='ltr'>iegibus</span> <span class='ocrx_word' id='word_1_150' title='bbox 863 2021 1033 2082; x_wconf 87' lang='lat' dir='ltr'>adulterinis</span> <span class='ocrx_word' id='word_1_151' title='bbox 1045 2019 1091 2081; x_wconf 85' lang='lat' dir='ltr'>usi</span> <span class='ocrx_word' id='word_1_152' title='bbox 1103 2032 1242 2104; x_wconf 74' lang='lat' dir='ltr'>peceptas</span> <span class='ocrx_word' id='word_1_153' title='bbox 1257 2024 1406 2101; x_wconf 81' lang='lat' dir='ltr'>corrumpi</span> 
     </span>
    </p>
   </div>
   <div class='ocr_carea' id='block_1_3' title="bbox 192 2113 1407 2194">
    <p class='ocr_par' dir='ltr' id='par_1_4' title="bbox 192 2113 1407 2194">
     <span class='ocr_line' id='line_1_20' title="bbox 192 2113 1407 2194; baseline -0.005 -14"><span class='ocrx_word' id='word_1_154' title='bbox 192 2167 197 2180; x_wconf 91' lang='lat'><em>.</em></span> <span class='ocrx_word' id='word_1_155' title='bbox 297 2115 431 2188; x_wconf 82' lang='lat' dir='ltr'>siverint,</span> <span class='ocrx_word' id='word_1_156' title='bbox 442 2132 545 2175; x_wconf 86' lang='lat' dir='ltr'>eorum</span> <span class='ocrx_word' id='word_1_157' title='bbox 558 2114 657 2175; x_wconf 88' lang='lat' dir='ltr'>nullos</span> <span class='ocrx_word' id='word_1_158' title='bbox 670 2129 797 2194; x_wconf 84' lang='lat' dir='ltr'>uuquam</span> <span class='ocrx_word' id='word_1_159' title='bbox 812 2133 871 2175; x_wconf 92' lang='lat' dir='ltr'>non</span> <span class='ocrx_word' id='word_1_160' title='bbox 885 2113 1083 2176; x_wconf 78' lang='lat' dir='ltr'>internecione</span> <span class='ocrx_word' id='word_1_161' title='bbox 1095 2115 1228 2194; x_wconf 83' lang='lat' dir='ltr'>periisse.</span> <span class='ocrx_word' id='word_1_162' title='bbox 1256 2116 1344 2176; x_wconf 85' lang='lat' dir='ltr'>Huic</span> <span class='ocrx_word' id='word_1_163' title='bbox 1356 2118 1407 2194; x_wconf 83' lang='lat' dir='ltr'>igi-</span> 
     </span>
    </p>
   </div>
   <div class='ocr_carea' id='block_1_4' title="bbox 297 2207 1406 2470">
    <p class='ocr_par' dir='ltr' id='par_1_5' title="bbox 297 2207 1406 2470">
     <span class='ocr_line' id='line_1_21' title="bbox 297 2207 1406 2288; baseline 0 -19"><span class='ocrx_word' id='word_1_164' title='bbox 297 2212 347 2269; x_wconf 88' lang='lat' dir='ltr'>lur</span> <span class='ocrx_word' id='word_1_165' title='bbox 358 2207 472 2270; x_wconf 84' lang='lat' dir='ltr'>crimini</span> <span class='ocrx_word' id='word_1_166' title='bbox 482 2207 571 2268; x_wconf 88' lang='lat' dir='ltr'>etiam</span> <span class='ocrx_word' id='word_1_167' title='bbox 582 2207 762 2269; x_wconf 82' lang='lat' dir='ltr'>Timocrates</span> <span class='ocrx_word' id='word_1_168' title='bbox 775 2226 855 2267; x_wconf 89' lang='lat' dir='ltr'>nunc</span> <span class='ocrx_word' id='word_1_169' title='bbox 868 2217 914 2269; x_wconf 87' lang='lat' dir='ltr'>est</span> <span class='ocrx_word' id='word_1_170' title='bbox 923 2207 1077 2279; x_wconf 81' lang='lat' dir='ltr'>obnoxius,</span> <span class='ocrx_word' id='word_1_171' title='bbox 1089 2217 1119 2267; x_wconf 90' lang='lat' dir='ltr'>et</span> <span class='ocrx_word' id='word_1_172' title='bbox 1131 2225 1198 2266; x_wconf 86' lang='lat' dir='ltr'>eam</span> <span class='ocrx_word' id='word_1_173' title='bbox 1207 2207 1282 2288; x_wconf 88' lang='lat' dir='ltr'>jore</span> <span class='ocrx_word' id='word_1_174' title='bbox 1293 2228 1315 2268; x_wconf 90' lang='grc' dir='ltr'>ι</span> <span class='ocrx_word' id='word_1_175' title='bbox 1326 2209 1406 2269; x_wconf 86' lang='lat' dir='ltr'>robis</span> 
     </span>
     <span class='ocr_line' id='line_1_22' title="bbox 298 2299 1041 2377; baseline -0.004 -17"><span class='ocrx_word' id='word_1_176' title='bbox 298 2301 522 2369; x_wconf 67' lang='lat' dir='ltr'>,estimationem</span> <span class='ocrx_word' id='word_1_177' title='bbox 532 2319 612 2360; x_wconf 90' lang='lat' dir='ltr'>nunc</span> <span class='ocrx_word' id='word_1_178' title='bbox 624 2301 747 2370; x_wconf 72' lang='lat' dir='ltr'>auferet,</span> <span class='ocrx_word' id='word_1_179' title='bbox 757 2317 844 2377; x_wconf 89' lang='lat' dir='ltr'>qnam</span> <span class='ocrx_word' id='word_1_180' title='bbox 859 2299 1041 2359; x_wconf 87' lang='lat' dir='ltr'>commeruit.</span> 
     </span>
     <span class='ocr_line' id='line_1_23' title="bbox 299 2384 1406 2470; baseline -0.006 -13.781"><span class='ocrx_word' id='word_1_181' title='bbox 299 2393 389 2456; x_wconf 98' lang='grc'>60</span> <span class='ocrx_word' id='word_1_182' title='bbox 410 2392 457 2453; x_wconf 74' lang='lat' dir='ltr'>Ac</span> <span class='ocrx_word' id='word_1_183' title='bbox 472 2409 544 2452; x_wconf 79' lang='lat' dir='ltr'>vero</span> <span class='ocrx_word' id='word_1_184' title='bbox 563 2391 750 2452; x_wconf 84' lang='lat' dir='ltr'>irascendum</span> <span class='ocrx_word' id='word_1_185' title='bbox 764 2390 968 2460; x_wconf 80' lang='lat' dir='ltr'>est-omnibns,</span> <span class='ocrx_word' id='word_1_186' title='bbox 982 2389 1034 2468; x_wconf 89' lang='lat' dir='ltr'>qui</span> <span class='ocrx_word' id='word_1_187' title='bbox 1046 2384 1128 2468; x_wconf 77' lang='lat' dir='ltr'>lapse</span> <span class='ocrx_word' id='word_1_188' title='bbox 1138 2395 1241 2470; x_wconf 82' lang='lat' dir='ltr'>torp&#39;ss</span> <span class='ocrx_word' id='word_1_189' title='bbox 1254 2399 1289 2450; x_wconf 88' lang='lat' dir='ltr'>et</span> <span class='ocrx_word' id='word_1_190' title='bbox 1300 2387 1406 2470; x_wconf 85' lang='lat' dir='ltr'>impro-</span> 
     </span>
    </p>
   </div>
   <div class='ocr_carea' id='block_1_5' title="bbox 73 2475 1406 2563">
    <p class='ocr_par' dir='ltr' id='par_1_6' title="bbox 73 2475 1406 2563">
     <span class='ocr_line' id='line_1_24' title="bbox 73 2475 1406 2563; baseline 0.001 -20"><span class='ocrx_word' id='word_1_191' title='bbox 73 2536 81 2543; x_wconf 88' lang='lat'>.</span> <span class='ocrx_word' id='word_1_192' title='bbox 184 2475 188 2482; x_wconf 67' lang='grc'>’</span> <span class='ocrx_word' id='word_1_193' title='bbox 296 2485 353 2547; x_wconf 84' lang='lat' dir='ltr'>bas</span> <span class='ocrx_word' id='word_1_194' title='bbox 367 2483 473 2554; x_wconf 83' lang='lat' dir='ltr'>iemnt,</span> <span class='ocrx_word' id='word_1_195' title='bbox 496 2493 560 2544; x_wconf 91' lang='lat' dir='ltr'>tum</span> <span class='ocrx_word' id='word_1_196' title='bbox 580 2502 650 2545; x_wconf 89' lang='lat' dir='ltr'>rero</span> <span class='ocrx_word' id='word_1_197' title='bbox 666 2481 748 2543; x_wconf 87' lang='lat' dir='ltr'>bit&#39;</span> <span class='ocrx_word' id='word_1_198' title='bbox 741 2481 891 2562; x_wconf 78' lang='lat' dir='ltr'>imprimis,</span> <span class='ocrx_word' id='word_1_199' title='bbox 913 2481 963 2561; x_wconf 92' lang='lat' dir='ltr'>qui</span> <span class='ocrx_word' id='word_1_200' title='bbox 985 2499 1036 2542; x_wconf 86' lang='lat' dir='ltr'>ess</span> <span class='ocrx_word' id='word_1_201' title='bbox 1056 2480 1138 2561; x_wconf 73' lang='lat' dir='ltr'>leges</span> <span class='ocrx_word' id='word_1_202' title='bbox 1159 2497 1372 2563; x_wconf 85' lang='lat' dir='ltr'>corrumpunt,</span> <span class='ocrx_word' id='word_1_203' title='bbox 1387 2504 1406 2543; x_wconf 91' lang='grc' dir='ltr'>ι</span> 
     </span>
    </p>
   </div>
   <div class='ocr_carea' id='block_1_6' title="bbox 247 2573 1404 3113">
    <p class='ocr_par' dir='ltr' id='par_1_7' title="bbox 247 2573 1404 3113">
     <span class='ocr_line' id='line_1_25' title="bbox 297 2573 1404 2665; baseline -0.004 -26"><span class='ocrx_word' id='word_1_204' title='bbox 297 2578 406 2657; x_wconf 79' lang='lat' dir='ltr'>quibos</span> <span class='ocrx_word' id='word_1_205' title='bbox 418 2576 466 2635; x_wconf 82' lang='lat' dir='ltr'>rel</span> <span class='ocrx_word' id='word_1_206' title='bbox 480 2576 652 2654; x_wconf 76' lang='lat' dir='ltr'>magnitudo</span> <span class='ocrx_word' id='word_1_207' title='bbox 664 2574 756 2665; x_wconf 69' lang='lat' dir='ltr'>omn,</span> <span class='ocrx_word' id='word_1_208' title='bbox 775 2573 823 2635; x_wconf 83' lang='lat' dir='ltr'>rel</span> <span class='ocrx_word' id='word_1_209' title='bbox 845 2573 992 2635; x_wconf 79' lang='lat' dir='ltr'>humilitas</span> <span class='ocrx_word' id='word_1_210' title='bbox 1006 2573 1126 2653; x_wconf 85' lang='lat' dir='ltr'>pendet.</span> <span class='ocrx_word' id='word_1_211' title='bbox 1166 2574 1223 2633; x_wconf 83' lang='grc' dir='ltr'>Ηιι</span> <span class='ocrx_word' id='word_1_212' title='bbox 1243 2594 1320 2635; x_wconf 78' lang='lat' dir='ltr'>vero</span> <span class='ocrx_word' id='word_1_213' title='bbox 1339 2594 1404 2653; x_wconf 81' lang='lat' dir='ltr'>qua</span> 
     </span>
     <span class='ocr_line' id='line_1_26' title="bbox 247 2664 1404 2749; baseline -0.002 -20"><span class='ocrx_word' id='word_1_214' title='bbox 247 2701 250 2707; x_wconf 78' lang='lat'>,</span> <span class='ocrx_word' id='word_1_215' title='bbox 297 2667 390 2729; x_wconf 78' lang='lat' dir='ltr'>sunti</span> <span class='ocrx_word' id='word_1_216' title='bbox 409 2668 484 2727; x_wconf 78' lang='lat' dir='ltr'>Tum</span> <span class='ocrx_word' id='word_1_217' title='bbox 499 2686 566 2745; x_wconf 74' lang='lat' dir='ltr'>qum</span> <span class='ocrx_word' id='word_1_218' title='bbox 579 2684 700 2745; x_wconf 72' lang='lat' dir='ltr'>injurios</span> <span class='ocrx_word' id='word_1_219' title='bbox 708 2666 844 2749; x_wconf 81' lang='lat' dir='ltr'>puniunt,</span> <span class='ocrx_word' id='word_1_220' title='bbox 858 2675 920 2725; x_wconf 87' lang='lat' dir='ltr'>tum</span> <span class='ocrx_word' id='word_1_221' title='bbox 936 2685 1003 2745; x_wconf 81' lang='lat' dir='ltr'>quas</span> <span class='ocrx_word' id='word_1_222' title='bbox 1014 2664 1101 2725; x_wconf 83' lang='lat' dir='ltr'>bonis</span> <span class='ocrx_word' id='word_1_223' title='bbox 1116 2676 1146 2725; x_wconf 91' lang='lat' dir='ltr'>et</span> <span class='ocrx_word' id='word_1_224' title='bbox 1154 2665 1247 2744; x_wconf 87' lang='lat' dir='ltr'>justis</span> <span class='ocrx_word' id='word_1_225' title='bbox 1261 2666 1404 2729; x_wconf 80' lang='lat' dir='ltr'>honorem</span> 
     </span>
     <span class='ocr_line' id='line_1_27' title="bbox 295 2756 1404 2837; baseline -0.008 -11"><span class='ocrx_word' id='word_1_226' title='bbox 295 2761 419 2826; x_wconf 74' lang='lat' dir='ltr'>hebent</span> <span class='ocrx_word' id='word_1_227' title='bbox 452 2758 573 2821; x_wconf 86' lang='lat' dir='ltr'>Nam</span> <span class='ocrx_word' id='word_1_228' title='bbox 549 2779 575 2818; x_wconf 83' lang='grc' dir='ltr'>ιιι</span> <span class='ocrx_word' id='word_1_229' title='bbox 587 2774 691 2819; x_wconf 88' lang='lat' dir='ltr'>omnes</span> <span class='ocrx_word' id='word_1_230' title='bbox 712 2756 751 2817; x_wconf 88' lang='lat' dir='ltr'>de</span> <span class='ocrx_word' id='word_1_231' title='bbox 765 2756 912 2837; x_wconf 89' lang='lat' dir='ltr'>republica</span> <span class='ocrx_word' id='word_1_232' title='bbox 925 2758 1001 2817; x_wconf 84' lang='lat' dir='ltr'>bene</span> <span class='ocrx_word' id='word_1_233' title='bbox 1017 2756 1119 2817; x_wconf 89' lang='lat' dir='ltr'>mereri</span> <span class='ocrx_word' id='word_1_234' title='bbox 1139 2756 1292 2827; x_wconf 86' lang='lat' dir='ltr'>studeant,</span> <span class='ocrx_word' id='word_1_235' title='bbox 1311 2758 1404 2817; x_wconf 87' lang='lat' dir='ltr'>bono·</span> 
     </span>
     <span class='ocr_line' id='line_1_28' title="bbox 298 2849 1404 2929; baseline -0.002 -18"><span class='ocrx_word' id='word_1_236' title='bbox 298 2852 380 2912; x_wconf 89' lang='lat' dir='ltr'>ribus</span> <span class='ocrx_word' id='word_1_237' title='bbox 392 2861 424 2911; x_wconf 95' lang='lat' dir='ltr'>et</span> <span class='ocrx_word' id='word_1_238' title='bbox 435 2850 561 2929; x_wconf 75' lang='lat' dir='ltr'>premii·</span> <span class='ocrx_word' id='word_1_239' title='bbox 575 2870 643 2928; x_wconf 84' lang='lat' dir='ltr'>quor</span> <span class='ocrx_word' id='word_1_240' title='bbox 657 2860 811 2929; x_wconf 85' lang='lat' dir='ltr'>propterea</span> <span class='ocrx_word' id='word_1_241' title='bbox 824 2849 931 2909; x_wconf 87' lang='lat' dir='ltr'>dantur</span> <span class='ocrx_word' id='word_1_242' title='bbox 952 2849 1237 2918; x_wconf 64' lang='lat' dir='ltr'>incontumaces</span> <span class='ocrx_word' id='word_1_243' title='bbox 1251 2850 1404 2910; x_wconf 74' lang='lat' dir='ltr'>armenem</span> 
     </span>
     <span class='ocr_line' id='line_1_29' title="bbox 298 2938 1404 3021; baseline 0.002 -20"><span class='ocrx_word' id='word_1_244' title='bbox 298 2962 336 3006; x_wconf 84' lang='grc' dir='ltr'>ιι</span> <span class='ocrx_word' id='word_1_245' title='bbox 346 2938 459 3021; x_wconf 83' lang='lat' dir='ltr'>injuriis</span> <span class='ocrx_word' id='word_1_246' title='bbox 471 2941 647 3012; x_wconf 72' lang='grc' dir='ltr'><strong>ιιιιίιιιιιι,</strong></span> <span class='ocrx_word' id='word_1_247' title='bbox 660 2941 836 3001; x_wconf 86' lang='lat' dir='ltr'>detrimenta</span> <span class='ocrx_word' id='word_1_248' title='bbox 848 2950 882 3001; x_wconf 91' lang='lat' dir='ltr'>et</span> <span class='ocrx_word' id='word_1_249' title='bbox 897 2940 1041 3019; x_wconf 83' lang='lat' dir='ltr'>supplicia</span> <span class='ocrx_word' id='word_1_250' title='bbox 1060 2939 1222 3001; x_wconf 85' lang='lat' dir='ltr'>sceleribus</span> <span class='ocrx_word' id='word_1_251' title='bbox 1240 2944 1404 3004; x_wconf 76' lang='lat' dir='ltr'>constituta</span> 
     </span>
     <span class='ocr_line' id='line_1_30' title="bbox 297 3030 1404 3113; baseline 0.001 -20"><span class='ocrx_word' id='word_1_252' title='bbox 297 3042 475 3101; x_wconf 80' lang='lat' dir='ltr'>metuentes,</span> <span class='ocrx_word' id='word_1_253' title='bbox 487 3030 559 3109; x_wconf 84' lang='lat' dir='ltr'>quid</span> <span class='ocrx_word' id='word_1_254' title='bbox 570 3032 735 3111; x_wconf 83' lang='lat' dir='ltr'>prohibebit</span> <span class='ocrx_word' id='word_1_255' title='bbox 749 3031 959 3111; x_wconf 86' lang='lat' dir='ltr'>rempublicam</span> <span class='ocrx_word' id='word_1_256' title='bbox 972 3040 1103 3091; x_wconf 84' lang='grc' dir='ltr'><strong>ιιιιιιιι</strong></span> <span class='ocrx_word' id='word_1_257' title='bbox 1116 3050 1180 3093; x_wconf 84' lang='lat' dir='ltr'>esee</span> <span class='ocrx_word' id='word_1_258' title='bbox 1191 3032 1404 3113; x_wconf 77' lang='lat' dir='ltr'>amplissimam</span> 
     </span>
    </p>
   </div>
   <div class='ocr_carea' id='block_1_7' title="bbox 154 3122 1404 3200">
    <p class='ocr_par' dir='ltr' id='par_1_8' title="bbox 154 3122 1404 3200">
     <span class='ocr_line' id='line_1_31' title="bbox 154 3122 1404 3200; baseline 0.003 -19"><span class='ocrx_word' id='word_1_259' title='bbox 154 3162 164 3171; x_wconf 88' lang='lat'><strong>·</strong></span> <span class='ocrx_word' id='word_1_260' title='bbox 208 3176 213 3181; x_wconf 87' lang='lat'>.</span> <span class='ocrx_word' id='word_1_261' title='bbox 280 3152 283 3157; x_wconf 96' lang='lat'>·</span> <span class='ocrx_word' id='word_1_262' title='bbox 298 3136 330 3186; x_wconf 91' lang='lat' dir='ltr'>et</span> <span class='ocrx_word' id='word_1_263' title='bbox 341 3122 599 3185; x_wconf 82' lang='lat' dir='ltr'>florentissimaml</span> <span class='ocrx_word' id='word_1_264' title='bbox 619 3123 727 3185; x_wconf 84' lang='lat' dir='ltr'>Nonne</span> <span class='ocrx_word' id='word_1_265' title='bbox 747 3132 792 3183; x_wconf 94' lang='lat' dir='ltr'>tot</span> <span class='ocrx_word' id='word_1_266' title='bbox 805 3124 948 3195; x_wconf 83' lang='lat' dir='ltr'>triremes,</span> <span class='ocrx_word' id='word_1_267' title='bbox 961 3133 1032 3200; x_wconf 89' lang='lat' dir='ltr'>quot</span> <span class='ocrx_word' id='word_1_268' title='bbox 1045 3123 1127 3184; x_wconf 90' lang='lat' dir='ltr'>nulla</span> <span class='ocrx_word' id='word_1_269' title='bbox 1138 3122 1200 3183; x_wconf 77' lang='lat' dir='ltr'>alis&#39;</span> <span class='ocrx_word' id='word_1_270' title='bbox 1210 3124 1326 3188; x_wconf 74' lang='lat' dir='ltr'>Grmcs</span> <span class='ocrx_word' id='word_1_271' title='bbox 1336 3126 1404 3185; x_wconf 87' lang='lat' dir='ltr'>ciri·</span> 
     </span>
    </p>
   </div>
   <div class='ocr_carea' id='block_1_8' title="bbox 298 3212 1404 3296">
    <p class='ocr_par' dir='ltr' id='par_1_9' title="bbox 298 3212 1404 3296">
     <span class='ocr_line' id='line_1_32' title="bbox 298 3212 1404 3296; baseline -0.001 -16"><span class='ocrx_word' id='word_1_272' title='bbox 298 3224 346 3280; x_wconf 80' lang='lat' dir='ltr'>iss</span> <span class='ocrx_word' id='word_1_273' title='bbox 371 3214 522 3296; x_wconf 79' lang='lat' dir='ltr'>poseidctl</span> <span class='ocrx_word' id='word_1_274' title='bbox 551 3214 622 3275; x_wconf 84' lang='lat' dir='ltr'>Non</span> <span class='ocrx_word' id='word_1_275' title='bbox 645 3212 799 3295; x_wconf 74' lang='lat' dir='ltr'>legionesi</span> <span class='ocrx_word' id='word_1_276' title='bbox 824 3214 892 3275; x_wconf 91' lang='lat' dir='ltr'>Non</span> <span class='ocrx_word' id='word_1_277' title='bbox 918 3214 1052 3295; x_wconf 73' lang='lat' dir='ltr'>equitari</span> <span class='ocrx_word' id='word_1_278' title='bbox 1085 3214 1153 3277; x_wconf 89' lang='lat' dir='ltr'>Non</span> <span class='ocrx_word' id='word_1_279' title='bbox 1175 3216 1315 3277; x_wconf 76' lang='lat' dir='ltr'>redituri</span> <span class='ocrx_word' id='word_1_280' title='bbox 1337 3218 1404 3279; x_wconf 83' lang='lat' dir='ltr'>Non</span> 
     </span>
    </p>
   </div>
   <div class='ocr_carea' id='block_1_9' title="bbox 202 3306 1405 3388">
    <p class='ocr_par' dir='ltr' id='par_1_10' title="bbox 202 3306 1405 3388">
     <span class='ocr_line' id='line_1_33' title="bbox 202 3306 1405 3388; baseline 0 -19"><span class='ocrx_word' id='word_1_281' title='bbox 202 3319 205 3331; x_wconf 90' lang='lat'>&#39;</span> <span class='ocrx_word' id='word_1_282' title='bbox 297 3308 385 3375; x_wconf 83' lang='lat' dir='ltr'>local</span> <span class='ocrx_word' id='word_1_283' title='bbox 406 3308 476 3370; x_wconf 82' lang='lat' dir='ltr'>lion</span> <span class='ocrx_word' id='word_1_284' title='bbox 494 3306 618 3388; x_wconf 84' lang='lat' dir='ltr'>portusl</span> <span class='ocrx_word' id='word_1_285' title='bbox 641 3306 799 3367; x_wconf 84' lang='lat' dir='ltr'>ilsacrero</span> <span class='ocrx_word' id='word_1_286' title='bbox 817 3307 917 3366; x_wconf 87' lang='lat' dir='ltr'>omnia</span> <span class='ocrx_word' id='word_1_287' title='bbox 936 3325 1004 3384; x_wconf 80' lang='lat' dir='ltr'>qum</span> <span class='ocrx_word' id='word_1_288' title='bbox 1023 3314 1076 3367; x_wconf 81' lang='grc' dir='ltr'>ιιι</span> <span class='ocrx_word' id='word_1_289' title='bbox 1088 3316 1186 3367; x_wconf 85' lang='lat' dir='ltr'>tuetur</span> <span class='ocrx_word' id='word_1_290' title='bbox 1206 3312 1405 3383; x_wconf 81' lang='lat' dir='ltr'>etcnntinetl</span> 
     </span>
    </p>
   </div>
   <div class='ocr_carea' id='block_1_10' title="bbox 297 3397 1409 4031">
    <p class='ocr_par' dir='ltr' id='par_1_11' title="bbox 297 3397 1409 4031">
     <span class='ocr_line' id='line_1_34' title="bbox 301 3397 1406 3483; baseline 0.005 -24"><span class='ocrx_word' id='word_1_291' title='bbox 301 3403 406 3482; x_wconf 76' lang='lat' dir='ltr'>leges.</span> <span class='ocrx_word' id='word_1_292' title='bbox 441 3400 517 3459; x_wconf 87' lang='lat' dir='ltr'>Nam</span> <span class='ocrx_word' id='word_1_293' title='bbox 531 3416 601 3458; x_wconf 89' lang='lat' dir='ltr'>cum</span> <span class='ocrx_word' id='word_1_294' title='bbox 612 3398 716 3458; x_wconf 81' lang='lat' dir='ltr'>civitas</span> <span class='ocrx_word' id='word_1_295' title='bbox 729 3398 827 3476; x_wconf 80' lang='lat' dir='ltr'>legum</span> <span class='ocrx_word' id='word_1_296' title='bbox 840 3398 982 3477; x_wconf 76' lang='lat' dir='ltr'>preasidii·</span> <span class='ocrx_word' id='word_1_297' title='bbox 996 3397 1226 3473; x_wconf 88' lang='lat' dir='ltr'>administratur,</span> <span class='ocrx_word' id='word_1_298' title='bbox 1240 3400 1310 3463; x_wconf 76' lang='lat' dir='ltr'>hacc</span> <span class='ocrx_word' id='word_1_299' title='bbox 1322 3402 1406 3483; x_wconf 80' lang='lat' dir='ltr'>ub&#39;iis</span> 
     </span>
     <span class='ocr_line' id='line_1_35' title="bbox 299 3476 1408 3570; baseline 0.004 -17"><span class='ocrx_word' id='word_1_300' title='bbox 299 3490 566 3570; x_wconf 74' lang='lat' dir='ltr'>suotrmptrblicuer</span> <span class='ocrx_word' id='word_1_301' title='bbox 591 3488 637 3549; x_wconf 86' lang='lat' dir='ltr'>sin</span> <span class='ocrx_word' id='word_1_302' title='bbox 658 3500 762 3550; x_wconf 83' lang='grc' dir='ltr'><strong>ιοιιιιι</strong></span> <span class='ocrx_word' id='word_1_303' title='bbox 778 3490 854 3549; x_wconf 83' lang='lat' dir='ltr'>iiat&#39;</span> <span class='ocrx_word' id='word_1_304' title='bbox 846 3510 877 3549; x_wconf 92' lang='grc' dir='ltr'>ιι</span> <span class='ocrx_word' id='word_1_305' title='bbox 898 3490 1059 3570; x_wconf 80' lang='lat' dir='ltr'>republica,</span> <span class='ocrx_word' id='word_1_306' title='bbox 1083 3492 1109 3551; x_wconf 87' lang='lat' dir='ltr'>si</span> <span class='ocrx_word' id='word_1_307' title='bbox 1129 3492 1259 3553; x_wconf 87' lang='lat' dir='ltr'>bonia&#39;</span> <span class='ocrx_word' id='word_1_308' title='bbox 1231 3494 1305 3553; x_wconf 83' lang='lat' dir='ltr'>ruis</span> <span class='ocrx_word' id='word_1_309' title='bbox 1324 3476 1408 3557; x_wconf 80' lang='lat' dir='ltr'>nulls</span> 
     </span>
     <span class='ocr_line' id='line_1_36' title="bbox 298 3580 1408 3665; baseline 0.005 -22"><span class='ocrx_word' id='word_1_310' title='bbox 298 3582 412 3643; x_wconf 75' lang='lat' dir='ltr'>virtutis</span> <span class='ocrx_word' id='word_1_311' title='bbox 424 3581 545 3659; x_wconf 74' lang='lat' dir='ltr'>pramis</span> <span class='ocrx_word' id='word_1_312' title='bbox 557 3599 673 3659; x_wconf 78' lang='lat' dir='ltr'>sperare</span> <span class='ocrx_word' id='word_1_313' title='bbox 686 3580 787 3657; x_wconf 84' lang='lat' dir='ltr'>liceat,</span> <span class='ocrx_word' id='word_1_314' title='bbox 798 3600 824 3640; x_wconf 84' lang='lat' dir='ltr'>st</span> <span class='ocrx_word' id='word_1_315' title='bbox 815 3580 1069 3643; x_wconf 79' lang='lat' dir='ltr'>facinorosorum</span> <span class='ocrx_word' id='word_1_316' title='bbox 1082 3592 1166 3644; x_wconf 81' lang='lat' dir='ltr'>tanta</span> <span class='ocrx_word' id='word_1_317' title='bbox 1181 3586 1230 3645; x_wconf 84' lang='lat' dir='ltr'>sit</span> <span class='ocrx_word' id='word_1_318' title='bbox 1233 3586 1408 3665; x_wconf 82' lang='lat' dir='ltr'>impunitas,</span> 
     </span>
     <span class='ocr_line' id='line_1_37' title="bbox 297 3663 1407 3760; baseline 0.005 -27"><span class='ocrx_word' id='word_1_319' title='bbox 297 3683 440 3753; x_wconf 86' lang='lat' dir='ltr'>quantam</span> <span class='ocrx_word' id='word_1_320' title='bbox 456 3672 499 3731; x_wconf 87' lang='lat' dir='ltr'>eis</span> <span class='ocrx_word' id='word_1_321' title='bbox 512 3670 580 3752; x_wconf 68' lang='lat' dir='ltr'>lega</span> <span class='ocrx_word' id='word_1_322' title='bbox 594 3690 648 3731; x_wconf 89' lang='lat' dir='ltr'>sua</span> <span class='ocrx_word' id='word_1_323' title='bbox 661 3663 844 3733; x_wconf 84' lang='lat' dir='ltr'>Timocrates</span> <span class='ocrx_word' id='word_1_324' title='bbox 859 3675 1020 3754; x_wconf 85' lang='lat' dir='ltr'>proposuit,</span> <span class='ocrx_word' id='word_1_325' title='bbox 1033 3686 1146 3753; x_wconf 86' lang='lat' dir='ltr'>quanta</span> <span class='ocrx_word' id='word_1_326' title='bbox 1158 3694 1261 3755; x_wconf 75' lang='lat' dir='ltr'>quaeso</span> <span class='ocrx_word' id='word_1_327' title='bbox 1273 3696 1328 3739; x_wconf 83' lang='lat' dir='ltr'>ror</span> <span class='ocrx_word' id='word_1_328' title='bbox 1341 3700 1407 3760; x_wconf 83' lang='lat' dir='ltr'>per-</span> 
     </span>
     <span class='ocr_line' id='line_1_38' title="bbox 298 3762 1407 3847; baseline 0.006 -22"><span class='ocrx_word' id='word_1_329' title='bbox 298 3764 428 3825; x_wconf 78' lang='lat' dir='ltr'>turbatio</span> <span class='ocrx_word' id='word_1_330' title='bbox 440 3766 578 3823; x_wconf 79' lang='lat' dir='ltr'>secutore</span> <span class='ocrx_word' id='word_1_331' title='bbox 589 3762 657 3822; x_wconf 88' lang='lat' dir='ltr'>eatl</span> <span class='ocrx_word' id='word_1_332' title='bbox 682 3764 762 3824; x_wconf 86' lang='lat' dir='ltr'>Satis</span> <span class='ocrx_word' id='word_1_333' title='bbox 775 3764 853 3824; x_wconf 83' lang='lat' dir='ltr'>enim</span> <span class='ocrx_word' id='word_1_334' title='bbox 867 3764 949 3825; x_wconf 83' lang='lat' dir='ltr'>scitis</span> <span class='ocrx_word' id='word_1_335' title='bbox 962 3766 1065 3827; x_wconf 84' lang='lat' dir='ltr'>harum</span> <span class='ocrx_word' id='word_1_336' title='bbox 1079 3786 1154 3847; x_wconf 92' lang='lat' dir='ltr'>quas</span> <span class='ocrx_word' id='word_1_337' title='bbox 1168 3768 1258 3829; x_wconf 78' lang='grc' dir='ltr'><strong>ιιοάο</strong></span> <span class='ocrx_word' id='word_1_338' title='bbox 1269 3774 1407 3833; x_wconf 82' lang='lat' dir='ltr'>recensui</span> 
     </span>
     <span class='ocr_line' id='line_1_39' title="bbox 298 3852 1408 3937; baseline 0.008 -23"><span class='ocrx_word' id='word_1_339' title='bbox 298 3856 460 3937; x_wconf 71' lang='grc' dir='ltr'><strong>ιορίιιιιιι,</strong></span> <span class='ocrx_word' id='word_1_340' title='bbox 472 3872 511 3913; x_wconf 89' lang='grc' dir='ltr'>ιι</span> <span class='ocrx_word' id='word_1_341' title='bbox 525 3872 551 3912; x_wconf 87' lang='grc' dir='ltr'>ιι</span> <span class='ocrx_word' id='word_1_342' title='bbox 542 3852 749 3935; x_wconf 76' lang='lat' dir='ltr'>duplicentur</span> <span class='ocrx_word' id='word_1_343' title='bbox 770 3856 899 3935; x_wconf 88' lang='lat' dir='ltr'>quidam,</span> <span class='ocrx_word' id='word_1_344' title='bbox 912 3856 1003 3917; x_wconf 78' lang='lat' dir='ltr'>ullam</span> <span class='ocrx_word' id='word_1_345' title='bbox 1024 3858 1086 3919; x_wconf 86' lang='lat' dir='ltr'>lore</span> <span class='ocrx_word' id='word_1_346' title='bbox 1105 3860 1271 3920; x_wconf 83' lang='lat' dir='ltr'>utilitatem.</span> <span class='ocrx_word' id='word_1_347' title='bbox 1303 3863 1408 3931; x_wconf 84' lang='lat' dir='ltr'>Quum</span> 
     </span>
     <span class='ocr_line' id='line_1_40' title="bbox 298 3946 1409 4031; baseline 0.006 -22"><span class='ocrx_word' id='word_1_348' title='bbox 298 3960 399 4009; x_wconf 83' lang='lat' dir='ltr'>autem</span> <span class='ocrx_word' id='word_1_349' title='bbox 410 3949 467 4007; x_wconf 85' lang='lat' dir='ltr'>iate</span> <span class='ocrx_word' id='word_1_350' title='bbox 479 3946 546 4025; x_wconf 74' lang='lat' dir='ltr'>lege</span> <span class='ocrx_word' id='word_1_351' title='bbox 560 3960 621 4005; x_wconf 78' lang='lat' dir='ltr'>aua</span> <span class='ocrx_word' id='word_1_352' title='bbox 642 3947 725 4007; x_wconf 85' lang='lat' dir='ltr'>vobis</span> <span class='ocrx_word' id='word_1_353' title='bbox 741 3966 849 4007; x_wconf 84' lang='lat' dir='ltr'>nocere</span> <span class='ocrx_word' id='word_1_354' title='bbox 864 3960 998 4023; x_wconf 88' lang='lat' dir='ltr'>conetur,</span> <span class='ocrx_word' id='word_1_355' title='bbox 1011 3970 1071 4029; x_wconf 80' lang='lat' dir='ltr'>qna</span> <span class='ocrx_word' id='word_1_356' title='bbox 1088 3950 1133 4021; x_wconf 76' lang='lat' dir='ltr'>fit,</span> <span class='ocrx_word' id='word_1_357' title='bbox 1150 3962 1186 4012; x_wconf 90' lang='lat' dir='ltr'>ut</span> <span class='ocrx_word' id='word_1_358' title='bbox 1197 3952 1229 4013; x_wconf 86' lang='lat' dir='ltr'>bi</span> <span class='ocrx_word' id='word_1_359' title='bbox 1247 3952 1386 4031; x_wconf 87' lang='lat' dir='ltr'>quibus&#39;</span> <span class='ocrx_word' id='word_1_360' title='bbox 1377 3977 1409 4016; x_wconf 87' lang='grc' dir='ltr'>ιι</span> 
     </span>
    </p>
   </div>
   <div class='ocr_carea' id='block_1_11' title="bbox 295 4037 1409 4397">
    <p class='ocr_par' dir='ltr' id='par_1_12' title="bbox 295 4037 1409 4397">
     <span class='ocr_line' id='line_1_41' title="bbox 299 4037 1409 4127; baseline 0.006 -27"><span class='ocrx_word' id='word_1_361' title='bbox 299 4040 398 4101; x_wconf 83' lang='lat' dir='ltr'>auimo</span> <span class='ocrx_word' id='word_1_362' title='bbox 410 4050 458 4100; x_wconf 83' lang='lat' dir='ltr'>est</span> <span class='ocrx_word' id='word_1_363' title='bbox 468 4038 654 4110; x_wconf 79' lang='lat' dir='ltr'>malefacere,</span> <span class='ocrx_word' id='word_1_364' title='bbox 673 4037 808 4118; x_wconf 85' lang='lat' dir='ltr'>impuniti</span> <span class='ocrx_word' id='word_1_365' title='bbox 827 4054 967 4101; x_wconf 87' lang='lat' dir='ltr'>maneant</span> <span class='ocrx_word' id='word_1_366' title='bbox 977 4060 986 4099; x_wconf 83' lang='grc' dir='ltr'>ι</span> <span class='ocrx_word' id='word_1_367' title='bbox 1013 4052 1133 4123; x_wconf 80' lang='lat' dir='ltr'>propter</span> <span class='ocrx_word' id='word_1_368' title='bbox 1144 4044 1210 4104; x_wconf 83' lang='lat' dir='ltr'>brec</span> <span class='ocrx_word' id='word_1_369' title='bbox 1220 4044 1325 4127; x_wconf 73' lang='lat' dir='ltr'>omnia</span> <span class='ocrx_word' id='word_1_370' title='bbox 1337 4067 1409 4125; x_wconf 77' lang='lat' dir='ltr'>quar</span> 
     </span>
     <span class='ocr_line' id='line_1_42' title="bbox 295 4130 1408 4215; baseline 0.008 -24"><span class='ocrx_word' id='word_1_371' title='bbox 295 4130 439 4201; x_wconf 79' lang='lat' dir='ltr'>diximus,</span> <span class='ocrx_word' id='word_1_372' title='bbox 454 4130 641 4193; x_wconf 81' lang='lat' dir='ltr'>irascendum</span> <span class='ocrx_word' id='word_1_373' title='bbox 653 4132 682 4189; x_wconf 88' lang='lat' dir='ltr'>ai</span> <span class='ocrx_word' id='word_1_374' title='bbox 696 4142 755 4202; x_wconf 85' lang='lat' dir='ltr'>est,</span> <span class='ocrx_word' id='word_1_375' title='bbox 772 4140 805 4191; x_wconf 89' lang='grc' dir='ltr'>ιι</span> <span class='ocrx_word' id='word_1_376' title='bbox 817 4132 991 4211; x_wconf 81' lang='lat' dir='ltr'>&#39;supplicium</span> <span class='ocrx_word' id='word_1_377' title='bbox 1012 4134 1212 4214; x_wconf 72' lang='lat' dir='ltr'>infligendum,</span> <span class='ocrx_word' id='word_1_378' title='bbox 1224 4136 1337 4215; x_wconf 81' lang='lat' dir='ltr'>atejus</span> <span class='ocrx_word' id='word_1_379' title='bbox 1353 4158 1408 4199; x_wconf 79' lang='lat' dir='ltr'>ex·</span> 
     </span>
     <span class='ocr_line' id='line_1_43' title="bbox 300 4221 1408 4308; baseline 0.005 -25"><span class='ocrx_word' id='word_1_380' title='bbox 300 4223 401 4301; x_wconf 89' lang='lat' dir='ltr'>empio</span> <span class='ocrx_word' id='word_1_381' title='bbox 414 4222 464 4283; x_wconf 85' lang='lat' dir='ltr'>alii</span> <span class='ocrx_word' id='word_1_382' title='bbox 477 4224 536 4282; x_wconf 88' lang='lat' dir='ltr'>sint</span> <span class='ocrx_word' id='word_1_383' title='bbox 550 4223 590 4282; x_wconf 85' lang='lat' dir='ltr'>nd</span> <span class='ocrx_word' id='word_1_384' title='bbox 608 4221 742 4301; x_wconf 85' lang='lat' dir='ltr'>injuriam</span> <span class='ocrx_word' id='word_1_385' title='bbox 758 4221 921 4283; x_wconf 79' lang='lat' dir='ltr'>tardioresr</span> <span class='ocrx_word' id='word_1_386' title='bbox 941 4242 1010 4285; x_wconf 87' lang='lat' dir='ltr'>nam</span> <span class='ocrx_word' id='word_1_387' title='bbox 1024 4225 1145 4287; x_wconf 88' lang='lat' dir='ltr'>talibus</span> <span class='ocrx_word' id='word_1_388' title='bbox 1152 4226 1213 4287; x_wconf 86' lang='lat' dir='ltr'>leni</span> <span class='ocrx_word' id='word_1_389' title='bbox 1226 4227 1327 4287; x_wconf 87' lang='lat' dir='ltr'>animo</span> <span class='ocrx_word' id='word_1_390' title='bbox 1338 4248 1408 4308; x_wconf 80' lang='lat' dir='ltr'>par-</span> 
     </span>
     <span class='ocr_line' id='line_1_44' title="bbox 301 4313 1407 4397; baseline 0.007 -25"><span class='ocrx_word' id='word_1_391' title='bbox 301 4330 379 4383; x_wconf 89' lang='lat' dir='ltr'>cere,</span> <span class='ocrx_word' id='word_1_392' title='bbox 389 4323 442 4373; x_wconf 88' lang='lat' dir='ltr'>sot</span> <span class='ocrx_word' id='word_1_393' title='bbox 458 4315 514 4373; x_wconf 87' lang='lat' dir='ltr'>etsi</span> <span class='ocrx_word' id='word_1_394' title='bbox 527 4313 685 4383; x_wconf 83' lang='lat' dir='ltr'>damnetis,</span> <span class='ocrx_word' id='word_1_395' title='bbox 702 4314 843 4393; x_wconf 77' lang='lat' dir='ltr'>exiguam</span> <span class='ocrx_word' id='word_1_396' title='bbox 857 4324 958 4375; x_wconf 90' lang='lat' dir='ltr'>tamen</span> <span class='ocrx_word' id='word_1_397' title='bbox 971 4317 1014 4377; x_wconf 83' lang='lat' dir='ltr'>eis</span> <span class='ocrx_word' id='word_1_398' title='bbox 1027 4317 1201 4377; x_wconf 81' lang='lat' dir='ltr'>mulctam</span> <span class='ocrx_word' id='word_1_399' title='bbox 1192 4335 1332 4397; x_wconf 71' lang='lat' dir='ltr'>irrogare,</span> <span class='ocrx_word' id='word_1_400' title='bbox 1345 4340 1407 4380; x_wconf 89' lang='lat' dir='ltr'>nou</span> 
     </span>
    </p>
   </div>
   <div class='ocr_carea' id='block_1_12' title="bbox 299 4400 1404 4568">
    <p class='ocr_par' dir='ltr' id='par_1_13' title="bbox 299 4400 1404 4568">
     <span class='ocr_line' id='line_1_45' title="bbox 299 4400 1404 4490; baseline 0.01 -29"><span class='ocrx_word' id='word_1_401' title='bbox 299 4400 382 4462; x_wconf 81' lang='lat' dir='ltr'>aliud</span> <span class='ocrx_word' id='word_1_402' title='bbox 394 4414 450 4473; x_wconf 85' lang='lat' dir='ltr'>est,</span> <span class='ocrx_word' id='word_1_403' title='bbox 462 4421 552 4481; x_wconf 84' lang='lat' dir='ltr'>qaam</span> <span class='ocrx_word' id='word_1_404' title='bbox 563 4404 773 4467; x_wconf 82' lang='lat' dir='ltr'>consuefacere</span> <span class='ocrx_word' id='word_1_405' title='bbox 784 4414 873 4483; x_wconf 84' lang='lat' dir='ltr'>atque</span> <span class='ocrx_word' id='word_1_406' title='bbox 881 4406 1032 4469; x_wconf 81' lang='lat' dir='ltr'>iratituere</span> <span class='ocrx_word' id='word_1_407' title='bbox 1040 4426 1129 4486; x_wconf 85' lang='lat' dir='ltr'>qnam</span> <span class='ocrx_word' id='word_1_408' title='bbox 1139 4408 1289 4490; x_wconf 88' lang='lat' dir='ltr'>plurimos,</span> <span class='ocrx_word' id='word_1_409' title='bbox 1301 4430 1340 4471; x_wconf 90' lang='lat' dir='ltr'>ne</span> <span class='ocrx_word' id='word_1_410' title='bbox 1350 4430 1404 4472; x_wconf 86' lang='lat' dir='ltr'>ros</span> 
     </span>
     <span class='ocr_line' id='line_1_46' title="bbox 301 4492 709 4568; baseline 0.008 -17"><span class='ocrx_word' id='word_1_411' title='bbox 301 4492 413 4568; x_wconf 86' lang='lat' dir='ltr'>injuriis</span> <span class='ocrx_word' id='word_1_412' title='bbox 424 4492 537 4553; x_wconf 76' lang='lat' dir='ltr'>afficere</span> <span class='ocrx_word' id='word_1_413' title='bbox 546 4506 709 4555; x_wconf 82' lang='lat' dir='ltr'>sereaator.</span> 
     </span>
    </p>
   </div>
   <div class='ocr_carea' id='block_1_13' title="bbox 0 0 1480 5000">
    <p class='ocr_par' dir='ltr' id='par_1_14' title="bbox 0 0 1480 5000">
     <span class='ocr_line' id='line_1_47' title="bbox 0 0 1480 5000; baseline 0 0"><span class='ocrx_word' id='word_1_414' title='bbox 0 0 1480 5000; x_wconf 95' lang='lat' dir='ltr'> </span> 
     </span>
    </p>
   </div>
  </div>
 </body>
</html>
