2934 5000
285 328 345 386 tas
540 323 713 383 couras
732 283 1082 426 uaisrooirouian
1105 319 1130 378 1.

285 477 392 558 quibus
404 477 499 538 verbis
510 495 569 536 non
582 476 648 539 illos
661 476 798 550 laedebat,
811 477 1033 549 non,·-licitum
1052 474 1129 536 enim
1142 473 1184 534 eia
1193 481 1269 544 erat,
1279 469 1402 550 paucis

285 563 412 631 nummis
423 569 510 641 datis,
525 588 562 631 ea
571 587 631 628 non
644 568 853 642 audire,—-sed
867 579 963 630 vestra
976 567 1116 646 suffragia
1124 567 1354 634 contemnebat,
1365 573 1401 621 et
1451 563 1452 566 ’

227 736 235 745 α
286 680 370 723 suain
381 661 592 740 improbitatem
602 663 779 720 ostentabat.
795 660 988 738 Magistratus
997 677 1082 738 porro
1090 658 1140 736 qui
1149 667 1226 716 sorte
1235 665 1399 723 creantur,

284 752 446 822 lacerabat,
466 753 616 830 poscebat,
629 751 786 829 pecuniam
800 751 947 829 exigebat,
962 769 1020 828 quo
1041 749 1183 808 malorum
1198 766 1311 825 genere
1328 765 1396 804 non

284 843 433 905 vexabat?
454 842 607 904 Postremo
624 853 722 903 autem
737 862 840 904 omues
852 843 881 901 in
897 843 1053 920 tumultum
1075 852 1105 902 et
1119 840 1296 904 seditionem
1313 859 1395 898 con-

280 935 373 1014 jicere
382 933 505 1003 studuit,
519 933 600 994 falsie
611 933 702 993 literis
715 934 888 1014 propositis:
910 934 1034 1012 denique
1042 932 1072 992 in
1082 931 1211 991 omnium
1222 929 1394 1009 perniciem

242 1089 245 1095 ,
285 1036 374 1088 natus
387 1036 442 1098 est,
452 1035 483 1088 et
493 1026 584 1086 talem
597 1045 630 1086 se
643 1045 709 1086 esse
720 1035 784 1084 tota
795 1027 856 1084 vita
869 1024 1009 1084 declarat.
1032 1025 1080 1084 Ita
1090 1020 1167 1084 enim
1180 1041 1242 1082 rem
1256 1042 1393 1102 perpen-

172 1165 176 1172 -
285 1119 358 1180 dite.
389 1117 586 1178 Athenienses
606 1112 725 1178 omnino
739 1117 828 1178 vicies
850 1117 928 1176 milla
949 1125 1034 1176 sunt:
1056 1117 1159 1176 horum
1183 1115 1393 1200 unusquisque

285 1231 347 1272 ιιιιο
365 1211 467 1271 saltem
481 1211 601 1288 negotio
613 1210 749 1290 quopiam
763 1219 935 1288 occupatus,
949 1208 980 1268 in
1000 1209 1063 1268 foro
1079 1208 1258 1278 obambulet,
1276 1207 1343 1278 sive
1358 1205 1392 1264 id

285 1326 358 1366 sane
370 1306 520 1385 publicum
541 1307 589 1376 sit,
603 1307 663 1364 sive
680 1305 835 1384 privatum.
865 1303 938 1364 iste'
949 1313 1047 1364 sutem
1065 1301 1137 1362 nibil
1154 1303 1314 1380 quicquam
1337 1319 1392 1360 os-

284 1399 408 1459 tendere
421 1397 515 1479 possit
524 1398 566 1457 rei
580 1397 738 1458 moderate
757 1407 808 1457 aut
825 1396 969 1468 honeste,
982 1397 1012 1456 in
1026 1413 1086 1472 qua
1102 1403 1232 1455 versetur
1246 1402 1281 1452 et
1294 1393 1390 1452 vitam

286 1500 371 1568 agat:
393 1489 580 1569 uonpuhlico
591 1489 689 1567 aliquo
701 1490 780 1548 bono
791 1489 917 1547 animuin
928 1497 1103 1565 occupatum
1113 1487 1220 1544 habet:
1242 1503 1304 1542 non
1320 1487 1391 1554 arti,

205 1638 209 1646 .
285 1601 347 1642 uon
357 1582 553 1661 agriculture,
569 1600 627 1641 non
641 1580 694 1638 ulli
708 1579 833 1658 questui
848 1579 964 1640 studet:
987 1597 1055 1638 cum
1068 1577 1185 1636 nemine
1194 1575 1264 1634 ullis
1277 1574 1390 1634 huma·

285 1675 387 1735 nitatis
399 1686 451 1735 aut
469 1673 672 1734 familiaritatis
686 1673 789 1732 officiis
806 1682 851 1732 eat
864 1671 1058 1750 conjunctus:
1081 1669 1133 1742 sed
1154 1687 1205 1746 per
1223 1661 1323 1726 forum
1342 1667 1388 1724 in·

283 1766 366 1826 cedit
377 1767 483 1844 riperta
506 1767 605 1836 instar,
619 1773 672 1823 aut
682 1764 857 1842 scorpionis,
870 1772 970 1823 erecto
986 1761 1098 1834 aculeo,
1115 1761 1175 1819 huc
1197 1771 1291 1836 atque
1312 1758 1387 1816 illuc

283 1859 430 1930 saltitans,
449 1845 696 1934 circumspectans
722 1857 771 1914 cui
791 1857 996 1924 calamitatem,
1023 1865 1075 1914 aut
1099 1853 1303 1923 maledictum,
1333 1864 1386 1911 aut

284 1949 394 2009 malum
407 1948 526 2024 aliquod
542 1947 655 2015 offerat,
678 1967 746 2025 quo.
758 1948 789 2006 in
807 1948 939 2008 timorem
960 1952 1113 2022 conjecto„
1125 1965 1261 2006 nummos
1284 1957 1386 2004 extor-

283 2049 391 2118 queat:
417 2056 473 2096 nec
485 2037 648 2115 ingreditur
659 2038 691 2096 in
708 2039 798 2097 ullam
811 2039 958 2116 publicam
974 2041 1156 2110 tonstrinam,
1170 2048 1223 2097 aut
1241 2057 1384 2117 myropo-

283 2133 365 2206 lium,
379 2140 432 2190 sut
444 2130 516 2190 alias
528 2131 680 2191 officinas:
702 2132 756 2192 sed
773 2132 960 2202 insociabilis,
974 2131 1179 2210 vagabundus,
1198 2150 1217 2189 a
1237 2149 1383 2208 congres-

282 2226 365 2288 sibus
375 2223 542 2294 abhorrens,
554 2241 614 2282 uon
629 2224 733 2302 gratia,
748 2243 807 2283 non
821 2223 957 2295 amicitis,
966 2244 1025 2282 non
1036 2223 1098 2282 ulla
1108 2221 1248 2302 praeditos
1257 2233 1308 2280 est
1317 2241 1383 2280 mo·

199 2306 202 2311 ¹
282 2318 376 2377 derati
389 2315 514 2376 hominis
526 2316 713 2394 cogitatione,
728 2317 782 2377 sed
792 2316 826 2375 iis
835 2316 988 2375 comitibus
999 2335 1072 2395 quos
1080 2316 1206 2394 pictores
1217 2315 1382 2374 lemuribus

281 2409 449 2487 adjungunt
459 2407 538 2488 apud
551 2409 669 2479 inferos,
683 2409 766 2481 diris,
780 2407 993 2480 maledicentia,
1002 2408 1122 2480 invidia,
1136 2407 1294 2476 seditione,-
1307 2428 1381 2468 eou-

281 2499 412 2563 tetttions
426 2501 551 2579 stipatus
562 2502 683 2561 incedit.
710 2504 805 2567 Quem
820 2502 909 2580 igitur
922 2520 980 2561 nee
992 2501 1149 2560 infernales
1160 2501 1232 2560 deos
1241 2502 1379 2579 placatos

280 2592 448 2654 habiturum
460 2594 615 2657 verisimile
632 2604 688 2664 est,
701 2593 755 2652 sed
772 2594 812 2653 ad
826 2593 1104 2673 impiosrelegatum
1123 2593 1155 2651 iri
1175 2594 1378 2673 propterritae

281 2686 507 2764 improbitatem,
517 2704 585 2745 eum
594 2704 647 2745 vos
662 2685 878 2765 delinquentem
891 2686 980 2757 nacti,
994 2706 1052 2745 non
1065 2684 1153 2743 modo
1167 2702 1225 2744 non
1236 2686 1377 2763 punietis,

280 2777 336 2835 aed
355 2777 610 2856 majoribusetiam
628 2777 714 2836 donis
729 2790 862 2859 ornatum
877 2776 1051 2849 obediretis,
1066 2766 1203 2854 tanquam
1219 2778 1301 2835 hene
1315 2798 1391 2845 me·,

279 2867 387 2925 ritum?
409 2868 465 2925 Gui
479 2870 557 2928 enim
574 2888 627 2926 vos
640 2886 766 2945 unquam
781 2868 977 2939 concessistis,
998 2867 1022 2927 si
1037 2869 1203 2947 reipublicae
1216 2869 1330 2941 debuit,
1345 2881 1378 2929 ut

191 3001 202 3019 .
279 2958 392 3017 mulcta
406 2953 578 3017 non‘soluta
596 2960 658 3035 pari
674 2962 740 3035 jure
763 2962 873 3018 viveret
894 2979 960 3019 cum
982 2960 1107 3019 ceteris?
1129 2960 1255 3018 Nemini.
1277 2962 1377 3027 Quare

279 3066 335 3106 nec
345 3045 394 3104 isti
407 3065 485 3103 nunc
499 3048 661 3116 concedite,
673 3048 725 3106 sed
741 3050 852 3125 punite,
867 3060 898 3107 et
909 3050 1074 3129 exemplum
1088 3052 1118 3109 in
1132 3070 1198 3109 eum
1211 3050 1301 3110 edite.

237 3180 247 3197 .
323 3136 370 3195 12.
393 3135 501 3215 Oper'ae
524 3136 649 3213 pretium
672 3139 771 3197 autem
792 3150 848 3210 est,
869 3140 1073 3219 Athenienses,
1094 3152 1124 3201 et
1145 3152 1243 3203 cetera
1263 3145 1376 3221 audire.

280 3228 359 3288 Nam
372 3248 441 3287 cum
454 3228 565 3286 atrocia
578 3226 637 3285 sint
654 3226 721 3305 qum
737 3230 825 3289 modo
842 3232 1008 3310 Lycurgum
1022 3234 1196 3293 referentem
1210 3236 1375 3308 audivistis,

278 3329 367 3399 atque
381 3320 456 3380 adeo
476 3318 513 3379 ad
528 3338 629 3377 eorum
643 3320 824 3379 atrocitatem
846 3322 921 3391 nihil,
930 3324 1050 3403 adjungi
1068 3326 1169 3404 possit,
1183 3336 1281 3387 cetera
1293 3332 1376 3407 paria

277 3412 347 3483 illis,
361 3424 393 3471 et
409 3412 446 3471 ab
463 3412 570 3470 eodem
588 3412 723 3489 profecta
737 3430 802 3471 esse
818 3412 936 3490 ingenio
955 3417 1144 3493 reperientur.
1174 3416 1375 3497 Praeterquam

277 3503 357 3561 enim
371 3501 450 3580 quod
465 3513 578 3582 patrem
599 3502 628 3560 in
649 3523 766 3563 carcere
790 3504 948 3575 desertum,
972 3506 1084 3566 Eretria
1104 3506 1262 3584 digressus,
1285 3522 1319 3569 ut
1336 3532 1374 3571 ex

280 3592 406 3651 Pnaedro
422 3592 583 3662 audivistis,
603 3604 749 3653 mortuum
768 3596 874 3673 impius
893 3596 949 3653 iste
972 3607 1003 3655 et
1023 3596 1156 3655 nefarius.
1171 3617 1231 3657 non
1249 3602 1374 3680 sepeliit,

278 3702 373 3763 neque
381 3684 417 3741 iis
425 3683 475 3759 qui
485 3683 661 3760 sepelierant
671 3696 805 3765 sumptus
814 3686 924 3747 funeris
933 3688 1069 3757 restituit,
1081 3690 1135 3748 sed
1148 3702 1178 3749 et
1190 3690 1267 3751 diem
1281 3693 1374 3757 dixit:

276 3786 472 3857 preterquam
485 3774 566 3851 quod
578 3794 681 3837 manus
694 3788 889 3839 a-matrenou
904 3780 1055 3853 abstinuit,
1069 3792 1103 3840 ut
1116 3782 1205 3843 modo
1218 3803 1236 3841 e
1248 3788 1374 3850 testdrus

275 3866 443 3938 audiristis,
457 3873 487 3924 et
506 3884 636 3924 sororem
658 3888 751 3941 suam,
773 3890 832 3929 non
856 3870 976 3949 quidem
999 3890 1176 3950 germanam,
1196 3876 1248 3934 sed
1264 3896 1302 3937 ex
1320 3881 1374 3942 illa

276 3976 455 4037 quocunque
480 3956 911 4038 mesocampum-omitto
936 3963 1014 4021 enim
1035 3964 1141 4035 hoc-,
1169 3966 1223 4033 sed
1243 3988 1371 4045 sororem

277 4060 387 4120 tamen,
401 4067 522 4127 peregre
535 4049 736 4110 abducendam
751 4053 891 4127 vendidit,
904 4064 940 4111 ut
948 4056 1052 4114 asserit
1065 4054 1128 4133 ejus
1135 4057 1240 4131 judicii
1251 4063 1371 4137 crimen,

276 4160 336 4220 quo
350 4159 417 4199 eum
431 4132 526 4200 botius
540 4140 588 4200 isse
605 4142 703 4214 frater,
716 4144 779 4221 ejus
794 4164 885 4205 causa
901 4146 1040 4207 facinoris
1054 4149 1213 4220 accusavit,
1227 4154 1278 4229 qui
1291 4174 1371 4217 nunc

219 4312 222 4315 ἢ
276 4234 304 4319 ei
317 4233 565 4311 patrocinabitur:
587 4233 626 4292 ad
638 4234 703 4293 hoec
716 4254 783 4312 qum
794 4236 864 4295 talia
875 4238 955 4309 suut,
968 4238 1047 4297 aliud
1062 4238 1215 4314 nefarium,
1228 4262 1249 4301 o
1262 4244 1302 4303 dii
1316 4251 1370 4307 im·

240 4386 252 4393 ,
275 4324 423 4394 mortales,
442 4324 555 4385 facinus
569 4325 704 4395 audietis.
735 4326 811 4387 Cum
826 4330 904 4387 enim
920 4320 1053 4407 perfosso
1072 4349 1191 4393 carcere
1208 4316 1291 4395 eisat
1309 4340 1371 4407 ela-

277 4429 359 4499 psus,
372 4415 411 4474 ad
424 4417 573 4477 mulierem
585 4417 732 4496 quandam
746 4420 889 4507 confugit,
902 4420 1017 4481 nominc
1030 4421 1162 4494 Zobiam,
1174 4444 1240 4485 eum
1254 4446 1313 4505 qua
1326 4434 1370 4491 ni-
