2934 5000
250 261 312 368 ‘roc
666 301 722 365 me
744 303 925 368 conoul.

252 459 341 522 diam
354 469 416 520 tum
428 459 580 536 rrrtslsficiis¹
588 457 723 542 eipetere
738 463 872 533 debebat,
886 460 911 520 tl
924 453 983 540 qua
994 457 1139 520 delatione
1152 459 1243 540 digna
1255 479 1342 524 com-

217 543 223 550 ’
252 553 366 614 n‘ittene
378 571 426 612 me
438 552 559 624 rideret,
572 552 684 614 deterre
697 563 786 635 atque
803 555 859 614 hac
883 553 931 611 via
947 567 994 612 me
1012 552 1043 611 iu
1059 551 1201 627 judicium
1220 573 1341 628 vocare,

242 643 298 704 tia
310 645 434 704 scribere
444 645 588 706 contraria
599 645 731 726 iegibus,
750 645 919 706 violatarum
931 642 1029 722 legum
1043 643 1208 722 postulare:
1228 646 1278 706 icc
1290 648 1340 704 in-

251 756 332 815 qaam
342 737 390 795 oio
396 737 622 816 progrediendum
631 748 703 810 erat,
716 733 810 816 neque
824 738 902 796 enim
916 735 1135 814 Ctesiphontem
1155 755 1231 796 reum
1249 756 1340 816 pera·

252 847 320 906 gere
332 837 431 908 potest
442 848 494 908 per
506 849 586 890 meas
598 829 807 900 criminationes,
821 838 852 888 et
866 829 891 886 si
904 845 950 887 me
960 827 1091 886 convinci
1105 845 1189 905 posse
1202 827 1340 887 credide--

251 922 298 994 rit,
316 921 416 1001 utique
433 923 515 982 illum
534 941 685 1001 nunquam
698 919 904 982 accusavimet.
945 919 1111 986 Quinetiam
1126 919 1151 978 si
1167 920 1238 996 quid
1256 919 1339 980 aliud

250 1022 361 1087 eorum,
373 1033 439 1092 qna
451 1013 538 1074 modo
551 1011 730 1072 calumniose
741 1013 934 1091 percurrebat,
955 1019 1006 1071 aut
1027 1009 1142 1090 quidvis
1159 1011 1269 1089 alioqui
1290 1031 1338 1072 me

250 1103 283 1164 in
290 1125 344 1166 rua
356 1105 522 1183 delinquere
534 1104 785 1176 animadverteret,
796 1113 865 1164 sunt
875 1103 957 1183 leges
970 1103 1007 1163 de
1022 1103 1157 1163 omnibus
1170 1105 1337 1176 counitutoe,

136 1201 141 1214 '
252 1206 284 1257 et
295 1197 424 1258 dodonec
437 1195 584 1276 etjudicia
595 1206 627 1257 et
640 1195 788 1276 supplicia,
798 1197 992 1275 qumaccrbas
1002 1203 1089 1273 atque
1099 1211 1221 1272 magnas
1235 1213 1337 1254 mcum

251 1287 378 1363 affemut
388 1287 531 1348 mulctas.'
544 1288 642 1367 Atque
653 1288 699 1348 his
710 1288 753 1346 illi
766 1287 849 1347 licuit
863 1287 998 1347 omnibus
1015 1285 1058 1344 nti
1070 1295 1173 1344 conua
1188 1305 1244 1358 me,
1255 1305 1337 1346 cum-

251 1401 309 1460 que
321 1381 388 1441 haeo
399 1401 466 1442 eum
477 1382 585 1442 fecisse
606 1391 755 1443 constaret
775 1401 810 1441 ac
834 1381 890 1440 ieta
902 1397 1017 1440 mecum
1030 1377 1136 1456 agendi
1148 1380 1258 1438 ratione
1271 1399 1337 1439 esse

250 1491 349 1546 usum,
360 1493 428 1534 cum
440 1473 503 1553 ejus
513 1474 590 1534 facto
602 1474 783 1534 consentiret
795 1471 951 1532 accusatio.
993 1469 1080 1528 Nunc
1090 1479 1198 1540 autem,
1211 1479 1293 1531 recta
1307 1483 1339 1530 et

245 1564 384 1638 Justana
392 1564 529 1625 damieta
537 1565 684 1644 vitataque
696 1575 767 1624 tunc
781 1583 847 1622 cum
860 1581 907 1622 res
920 1570 1086 1640 gererentur
1101 1561 1278 1640 coarguendi
1288 1581 1339 1624 oc·

251 1656 379 1730 cesione,
400 1665 482 1716 tanto
501 1667 569 1736 post
587 1657 725 1734 temporis
749 1653 900 1713 intervallo
919 1651 1086 1712 criminibus
1109 1661 1140 1712 et
1157 1652 1285 1713 dicteriis
1307 1665 1338 1714 ct

250 1747 416 1806 maledictis
431 1747 608 1806 concurratis
627 1744 798 1803 histrionem
819 1745 897 1823 egit:
918 1763 985 1803 cum
1006 1763 1053 1802 me
1072 1753 1201 1814 accuset,
1215 1743 1293 1805 huuc
1306 1747 1336 1804 in

247 1837 389 1916 judicium
401 1848 496 1907 vocat,
510 1845 541 1893 et
558 1835 627 1894 huic
648 1835 701 1893 toti
724 1835 903 1894 accusationi
925 1833 1089 1894 inimicitias
1107 1851 1221 1894 mecum
1236 1855 1337 1896 susce·

250 1940 318 2008 prm
332 1927 653 2007 pretendit'nusqnam
663 1939 761 1987 mmen
777 1945 892 1987 mecum
902 1927 1099 2006 congreditur,
1115 1927 1169 1986 scd
1182 1928 1264 1988 altari
1275 1929 1336 1987 exi-

253 2020 446 2082 stimationem
457 2025 544 2080 'suam
556 2021 666 2100 cripere
675 2019 772 2100 palam
785 2029 915 2079 conatur.
944 2019 1158 2098 ltaqueprmter
1167 2020 1335 2091 aiiaomnia,

249 2121 317 2191 qum
325 2112 405 2192 juste
429 2113 494 2191 quis
517 2113 613 2173 dicere
631 2132 683 2190 pro
701 2111 893 2191 Ctesiphonte
911 2110 1014 2190 possit,
1039 2110 1250 2185 Athenienses,
1264 2113 1337 2172 illud

249 2204 320 2264 mihi
341 2205 457 2285 quidem
481 2205 567 2265 etiam
588 2205 734 2284 aptissime
752 2203 810 2265 dici
832 2223 919 2283 posse
939 2203 1063 2272 ridetur,
1084 2221 1200 2280 mquam
1220 2221 1285 2264 esse
1304 2215 1337 2263 ut

248 2296 419 2358 inimicitias
434 2307 549 2358 nostras
571 2297 627 2376 ipsi
647 2299 722 2357 inter
742 2316 797 2356 nos
820 2295 1024 2374 disceptemus,
1046 2311 1116 2364 non,
1135 2295 1337 2374 pretermissis

249 2391 353 2450 nostru
371 2389 446 2449 iuter
463 2397 518 2450 nos
532 2389 776 2461 contentionibus,
790 2388 911 2448 alterum
925 2386 1109 2465 quaritemus
1121 2386 1167 2444 cui
1179 2387 1247 2446 mali
1260 2387 1334 2465 qaid

248 2479 421 2545 efferamus:
442 2479 658 2557 supramodum
671 2480 749 2539 euim
761 2478 890 2555 iniquum
905 2479 961 2537 hoc
974 2486 1029 2536 est.
1173 2477 1176 2482 ’

288 2576 318 2631 7.
339 2571 447 2629 Omnia
458 2569 546 2645 igitur
558 2570 753 2626 accusationis
774 2568 870 2643 capita
888 2586 972 2643 arque
991 2574 1056 2627 erse
1068 2578 1099 2627 et
1114 2586 1134 2627 a
1141 2568 1256 2647 justitie
1273 2580 1305 2631 et
1317 2592 1336 2631 a

248 2662 370 2723 veritate
382 2659 478 2719 alieua
498 2676 535 2716 ex
546 2656 591 2715 h‘m
602 2656 763 2735 persentire
776 2656 865 2715 lieet:
884 2655 952 2715 volo
966 2664 1066 2715 tamen
1084 2658 1201 2739 singula
1214 2661 1335 2721 seorsim

249 2751 422 2821 examinare,
435 2756 526 2827 atque
537 2755 574 2809 ea
582 2749 799 2827 precipuequm
809 2747 846 2807 de
860 2766 933 2827 pace
943 2766 978 2807 ac
988 2748 1133 2827 legatione
1142 2752 1172 2809 in
1182 2770 1229 2811 me
1238 2771 1336 2812 smen-

249 2846 320 2904 titus
333 2852 389 2914 est,
403 2842 463 2902 suis
475 2860 542 2919 qum
556 2838 720 2901 Philocrate
733 2839 813 2899 socio
822 2840 946 2919 patravit
955 2839 1132 2901 iecinoribus
1143 2842 1174 2899 in
1181 2862 1228 2902 mc
1241 2854 1335 2904 mans·

247 2936 327 3012 lado.
352 2933 407 2992 Est
417 2938 515 2993 anteiri
527 2934 724 2991 necessarium
738 2940 769 2989 et
780 2951 798 2990 a
810 2949 900 2990 causa
912 2932 1017 3009 pariter
1030 2952 1089 2992 non
1097 2932 1232 3006 ahenum,
1246 2936 1336 2995 Athe·

247 3028 378 3096 menses,
392 3043 452 3105 qno
465 3033 534 3083 tuuc
547 3023 741 3101 temporiaree
755 3032 854 3083 assent
865 3022 942 3096 ioco,
958 3024 987 3083 in
1001 3024 1166 3085 memoriam
1174 3026 1260 3086 vobis
1270 3025 1335 3086 red·

248 3120 336 3197 igere,
361 3128 396 3177 ut
417 3114 533 3195 ungula
552 3124 640 3195 prosu
658 3116 801 3195 eujroque
825 3125 940 3194 tempus
962 3134 993 3176 se
1013 3116 1123 3177 serebat
1145 3118 1336 3197 perspicietis.

249 3212 334 3273 Bello
359 3211 448 3291 igitur
473 3208 621 3269 Phocensi
646 3208 871 3268 conflato-non
893 3226 948 3287 per
967 3227 1029 3268 mer
1050 3209 1179 3269 nondum
1199 3210 1276 3270 enim
1295 3212 1334 3272 ad

248 3303 455 3385 rempublicam
468 3301 810 3379 accesseram—primum
824 3301 865 3361 ita
877 3318 930 3360 voe
950 3300 1053 3362 anisnis
1076 3300 1171 3362 affecti
1189 3304 1288 3375 eratis,
1301 3316 1334 3365 ut

249 3395 416 3459 Phocenses
436 3393 532 3455 salros
543 3411 608 3454 esee
619 3392 745 3463 velletis,
766 3392 895 3471 quamvis
908 3411 1010 3472 parum
1018 3396 1100 3467 justa
1119 3412 1206 3473 agere
1219 3414 1271 3455 eos
1290 3396 1334 3454 vi·

248 3487 366 3559 decede,
378 3485 522 3546 thebanis
535 3496 632 3545 autem
645 3490 901 3564 quantumcunque
915 3485 984 3545 mali
997 3486 1153 3546 accidisset
1163 3489 1268 3548 essens
1282 3488 1335 3549 ltc-

247 3580 345 3652 taturi,
356 3598 452 3658 neque
464 3579 692 3657 abequeratione
704 3598 799 3659 neque
807 3580 911 3658 injuria
919 3578 976 3639 illis
990 3579 1073 3639 irati:
1095 3600 1246 3641 suocesmrs
1257 3584 1333 3641 cuim

248 3690 317 3733 snos
330 3670 369 3732 ad
391 3670 515 3730 leuctra
525 3690 628 3749 parum
641 3671 770 3731 tulcnrnt
781 3670 940 3731 moderate.
974 3670 1089 3733 Deinde
1107 3683 1171 3733 tota
1188 3670 1334 3754 Pelopon·

248 3784 337 3827 nesus
352 3762 479 3824 dissidiis
497 3762 656 3832 laborabat,
677 3770 733 3823 ne‘c
753 3763 803 3843 qui
816 3762 1053 3829 Lacedaemonios
1075 3764 1199 3823 oderam
1218 3776 1333 3826 tantum

249 3858 394 3929 valebant,
411 3866 446 3915 ut
467 3872 519 3913 eos
532 3864 654 3932 possein
672 3866 811 3928 evertere,
830 3874 925 3933 neque
947 3856 996 3933 qui
1012 3864 1099 3915 antea
1110 3854 1224 3915 illorum
1246 3875 1334 3937 opera

245 3950 424 4029 imperabant
442 3945 573 4005 civitatee
593 3944 624 4004 in
637 3964 692 4005 sua
708 3956 854 4025 potestate
870 3948 1024 4017 habehant,
1045 3948 1098 4007 sed
1118 3948 1252 4027 quedam
1273 3962 1336 4012 crat

248 4040 422 4121 inexplicata
433 4048 465 4098 et
475 4036 554 4116 apud
573 4036 627 4095 bos
641 4047 673 4096 at
685 4038 765 4117 apud
778 4038 850 4098 alios
870 4040 1018 4111 universos
1038 4040 1074 4097 lis
1093 4050 1124 4099 et
1142 4042 1332 4120 percurbatio.

249 4133 324 4194 Hac
332 4132 399 4193 c'nrn
407 4130 517 4191 rideret
529 4128 817 4208 Philippus-neque
830 4130 906 4189 enim
916 4140 999 4191 erant
1009 4132 1332 4212 obscura-largitioni-

247 4226 305 4283 bus
318 4226 348 4284 in
362 4224 538 4304 singularum
553 4222 702 4282 civitatum
715 4222 874 4299 proditores
889 4220 997 4296 effusis,
1010 4239 1059 4283 eas
1073 4242 1174 4285 omnes
1187 4226 1332 4287 commisit

249 4324 281 4374 et
297 4314 416 4376 interce
437 4314 602 4385 concitauit,
621 4312 724 4373 deinde
746 4334 803 4393 quo
824 4326 951 4393 tempore
972 4316 1020 4375 elii
1033 4317 1159 4395 gravitm
1167 4320 1332 4397 peccabant

248 4404 380 4485 maleque
392 4408 563 4478 candebant,
575 4406 639 4485 ipsa
655 4405 769 4467 interim
789 4428 821 4469 se
839 4408 974 4469 iustruxit
991 4408 1080 4486 inque
1091 4409 1220 4470 omnium
1233 4412 1331 4490 perui·
