2934 5000
482 322 650 387 CONTRA
672 327 845 387 morsm.
1156 330 1216 389 336
1254 362 1262 377 ·

126 496 192 553 quse
212 474 305 555 periit,
320 476 492 556 designasse
512 480 706 551 existimaret,
726 478 877 556 fidemque
895 478 1001 553 verbis,
1013 482 1217 539 accomtorars

124 569 296 637 adhibebat;
317 589 354 656 ne
368 580 428 629 tum
444 572 562 649 quidem
578 570 622 629 sic
642 570 800 631 decuisset.
842 568 1002 629 Moderata
1015 571 1095 627 eninr
1108 570 1217 629 sorice>

122 679 185 719 rum
200 679 286 739 poena
296 660 358 719 hoec
372 672 428 734 est,
439 664 465 719 si
477 662 548 741 quid
560 664 687 722 atrocius
700 640 873 741 designasse
882 661 1044 732 videantur,
1052 663 1091 719 ab
1102 661 1218 719 illorum

122 751 334 811 consuetudine
354 752 491 831 deinceps
510 764 541 813 te
561 772 726 831 segregare.
769 752 879 812 Ulcisci
898 762 997 810 aotem
1016 760 1048 810 et
1068 752 1216 830 persequi,

123 841 201 901 laesis
225 851 314 919 atque
336 841 458 901 inimicis
480 842 661 921 relinquitur.
704 843 764 903 Sed
786 842 845 903 hoc
866 843 894 902 ei
914 862 986 901 sane
1008 840 1218 903 condonemus.

122 933 285 992 sinautem
299 932 425 1011 hospitio
438 934 502 1012 ejus
516 952 614 1003 usum,
628 946 658 992 et
671 935 726 992 suh
740 934 873 1012 ejusdem
887 942 966 992 tecto
979 944 1128 993 versatum
1142 953 1218 1005 esse,

123 1034 261 1103 tanquam
277 1024 371 1083 omnis
385 1022 510 1085 criminis
525 1024 666 1105 expertis,
681 1025 838 1096 constabit,
859 1021 991 1084 illavero
1004 1026 1218 1103 dixissentque

124 1115 264 1195 objecisse
278 1116 476 1178 calumniandi
494 1117 552 1176 mei
575 1135 684 1175 ccusa:
705 1104 804 1175 ahane
817 1115 928 1188 decies,
940 1117 987 1175 vei
1000 1118 1098 1177 decies
1114 1118 1219 1177 millies

124 1208 233 1285 potius,
243 1208 310 1286 jure
324 1208 488 1287 meritoque
501 1206 668 1269 occidetur?
710 1207 802 1284 Atqui
814 1226 862 1265 me
875 1224 945 1265 vera
957 1206 1065 1278 dicere,
1078 1217 1110 1267 et
1124 1208 1220 1287 pridie

125 1318 212 1377 quem
232 1299 294 1359 hac
318 1300 494 1377 loqueretur,
508 1300 597 1359 istum
618 1300 783 1359 accessisse
805 1309 836 1358 st
856 1318 1018 1357 sermonem
1040 1300 1218 1370 contulisses

125 1388 324 1467 postridieque
351 1390 565 1468 iterum-quid
594 1409 663 1450 vero
687 1390 725 1449 ad
747 1408 889 1451 summam
914 1390 1000 1449 istam
1022 1390 1219 1467 impuritatem

127 1481 198 1539 sddi
210 1490 316 1557 potest,
331 1482 525 1549 Athenienses
535 1481 668 1539 i—domi
688 1481 772 1539 ilium
793 1480 976 1551 convenisse,
990 1490 1021 1539 et
1039 1480 1126 1558 juxta
1144 1482 1220 1540 assi·

128 1572 259 1642 dentem,
273 1571 393 1633 dextera
404 1572 523 1650 injecta,
534 1572 729 1651 proesentibus
743 1570 854 1643 multu,
867 1578 936 1647 post
954 1570 1011 1628 ista
1021 1572 1112 1629 verba
1125 1571 1156 1628 in
1174 1588 1221 1631 se·

128 1672 210 1733 natu,
226 1662 332 1741 quibus
356 1662 558 1723 Aristarchum
580 1672 613 1723 ut
634 1662 811 1723 homicidam
821 1661 981 1733 detulerat,
992 1657 1220 1740 gravmimeque
1318 1736 1322 1745 ι

127 1753 294 1814 criminatus
314 1755 420 1823 suerat,
438 1754 766 1857 adjptantem,.esitium
778 1755 874 1833 ipsum
888 1753 944 1813 sibi
961 1753 1179 1832 imprecantem,
1194 1756 1221 1815 si

127 1845 198 1921 quid
219 1846 256 1904 de
284 1846 334 1905 itto
357 1846 427 1905 mali
445 1846 576 1919 dixisset,
601 1865 656 1905 uec
682 1844 885 1906 reformidans
905 1843 1072 1924 perjurium,
1087 1847 1221 1923 quamvis

127 1942 190 2011 ejus
204 1938 245 1995 rei
254 1936 364 1997 conscii
378 1937 533 2005 adessent:
557 1958 592 1997 ac
614 1958 665 2016 per
688 1956 754 1996 eum
777 1938 925 1998 studuisse
947 1936 1041 1996 redire
1060 1937 1221 1997 mecumin

129 2027 260 2105 gratiam,
276 2028 318 2085 uti
332 2038 463 2087 constet:
485 2028 574 2087 etiarn
587 2029 700 2099 horum,
711 2047 765 2087 eos
782 2030 833 2105 qui
856 2028 1022 2101 interfuere,
1035 2038 1127 2089 testes
1138 2030 1221 2106 vobis

128 2118 197 2177 cito.
239 2118 344 2177 Nonne
366 2138 434 2176 vero
458 2116 611 2195 indignum
629 2119 743 2177 facinus
766 2128 823 2188 est,
840 2117 1045 2189 Athenienses,
1067 2138 1104 2177 ac
1124 2120 1222 2197 potius

129 2208 260 2285 impium,
282 2226 412 2283 asserere
430 2208 606 2268 homicidam
627 2226 692 2269 esse
715 2210 852 2279 eundem,
873 2228 908 2267 ac
930 2230 1043 2279 rursus,
1056 2211 1087 2267 id
1108 2230 1139 2270 se
1160 2230 1222 2271 nou

130 2298 251 2370 dixisse,
261 2300 383 2377 ejurare,
393 2300 499 2377 cuique
511 2301 621 2359 caedem
632 2298 781 2377 objecerit,
790 2318 858 2357 curn
872 2298 924 2357 'nlo
933 2302 988 2359 sub
1003 2301 1108 2359 eodem
1116 2305 1223 2363 versari

130 2388 232 2449 tecto?
273 2390 360 2454 Quod
383 2390 408 2449 si
425 2410 482 2467 ego
503 2391 591 2449 istum
605 2390 751 2461 dimisero,
771 2397 868 2448 restro
890 2388 920 2447 in
938 2389 1028 2448 istum
1052 2391 1222 2469 praejudicio

130 2482 257 2552 deserta,
271 2481 342 2541 nihil
356 2481 506 2560 delinquo,
526 2483 551 2542 si
574 2482 628 2542 diis
649 2480 755 2561 placet.
797 2480 849 2540 Sin
865 2480 916 2560 jus
936 2501 1033 2542 meum
1055 2503 1224 2562 persequor,

131 2574 248 2634 ordines
260 2573 385 2646 deserui,
400 2575 481 2634 coede
495 2593 560 2634 sum
573 2575 712 2652 pollutus,
726 2592 775 2634 me
788 2573 851 2633 tolli
863 2584 978 2652 oportet
990 2594 1008 2634 e
1020 2576 1127 2634 medio.
1157 2577 1225 2656 Ege

130 2685 198 2726 vero
211 2674 313 2726 contra
325 2666 435 2725 sentio:
448 2667 472 2725 si
486 2667 573 2726 istum
584 2665 769 2738 dimisissem,
779 2685 837 2739 me,
845 2653 1050 2738 Athenienses,
1057 2666 1224 2728 relicturum

132 2758 221 2816 fuisse
239 2757 361 2836 justitiae
389 2758 529 2828 ordinem,
552 2758 678 2836 mihique
700 2758 767 2837 jure
784 2758 860 2816 diem
886 2757 1034 2818 homicidii
1060 2757 1224 2818 dicendum.

133 2849 210 2908 Nam
223 2849 253 2907 id
267 2849 293 2908 si
306 2849 452 2919 iecissem,
468 2868 527 2908 oon
543 2848 643 2926 utique
657 2848 754 2908 virere
767 2868 814 2908 me
829 2844 995 2908 decuisset.¹

173 2941 223 3000 35.
245 2940 286 2996 Ut
299 2939 385 3016 igitur
399 2939 462 3001 hoec
475 2959 593 3020 quoque
606 2959 673 3000 rere
690 2959 709 2999 a
731 2959 778 3000 me
800 2939 859 3002 dici
881 2949 1008 3014 coastat,
1021 2940 1109 3002 etiam
1121 2940 1225 3002 horum

134 3049 207 3092 voca
221 3028 289 3088 mihi
303 3038 404 3090 testes.

602 3209 767 3271 TESTES.

158 3343 311 3407 Lysimachus
326 3343 486 3404 Alopecensis,
502 3345 591 3391 Demea
602 3345 732 3402 Seniensis,
744 3347 830 3393 Chares
840 3345 971 3398 monetes,
983 3345 1089 3392 Philemo
1098 3347 1227 3406 spuentes,

135 3423 250 3470 Moschus
262 3420 414 3476 Pamisusis,
425 3421 513 3480 quihus
521 3421 665 3480 temporibus
676 3423 824 3468 Aristarchus
834 3421 927 3467 Moschi
936 3419 998 3468 filius
1007 3422 1069 3481 spod
1080 3430 1183 3471 senatum
1190 3431 1228 3472 sst

135 3497 235 3552 dsistas,
245 3496 275 3544 ds
287 3497 368 3564 occiso¹
376 3494 513 3548 Niccdsmm
525 3495 611 3542 scimus
622 3493 730 3550 Midism,
741 3497 781 3556 qni
800 3510 814 3543 s
833 3495 1001 3551 mensuare,
1017 3497 1057 3544 csi
1070 3498 1228 3548 wne-tu

134 3573 242 3627 dicimus,
254 3577 383 3624 accusatur,
393 3569 422 3618 sd
432 3577 537 3616 sanatam
548 3569 674 3632 ingressum
684 3570 772 3626 dicere,
788 3587 834 3618 oon
851 3570 923 3618 stium
939 3571 1013 3618 uitam
1031 3588 1086 3620 esss
1103 3574 1227 3624 Nicodcmi

135 3647 313 3700 interfectorem,
323 3659 390 3704 qosrn
407 3645 575 3700 Aristarchum,
587 3646 627 3707 qui
643 3645 666 3691 id
682 3647 771 3693 facinus
783 3647 831 3694 suis
842 3647 944 3694 manibus
961 3655 1119 3709 perpetrasset
1126 3667 1135 3710 3
1152 3650 1229 3700 oonsi-

134 3725 238 3783 iiamqoc
249 3722 343 3768 dedisse
355 3721 454 3775 senatui,
466 3729 492 3768 nt
502 3721 524 3766 in
537 3720 663 3768 Aristarchi
680 3723 744 3768 sedes
761 3723 821 3768 isctc
836 3721 924 3782 impetn
936 3738 987 3768 sum
999 3725 1227 3784 comprehenderent.

137 3797 196 3846 Hssc
206 3803 283 3844 sutem
294 3797 324 3843 sd
336 3803 438 3842 senstmn
453 3795 554 3853 dimhst,
565 3811 634 3858 quum
646 3797 722 3858 pridie
733 3813 785 3843 curo
797 3797 930 3844 Aristarcho
941 3805 965 3844 et
975 3799 1096 3846 uobiscum
1110 3805 1229 3846 esseteoe·
1311 3833 1315 3844 .

137 3882 211 3920 natus.
243 3873 335 3919 Scimus
345 3885 415 3932 perro
424 3869 530 3928 Midism,
541 3877 566 3918 ut
578 3884 591 3917 s
601 3879 682 3918 senatu
697 3881 826 3920 recesserst
840 3878 866 3919 et
876 3887 904 3919 cs
914 3875 984 3920 verbs
995 3875 1096 3928 dmerst,
1107 3873 1184 3918 &nac
1198 3874 1230 3920 sd

137 3949 294 3998 Aristarchum
304 3947 445 4008 ingressum,
451 3945 531 4010 illique
543 3948 603 4012 [sic]
613 3948 755 4010 injicientem
762 3950 883 4006 dentum,
898 3957 923 3996 et
930 3965 982 3996 cnm
989 3949 1113 3996 ὼνοιίοιιο
1121 3947 1158 3993 ssi
1166 3949 1230 4010 espi-

136 4025 167 4072 tis
176 4021 289 4086 jurantem
299 4023 387 4070 nihiise
399 4023 422 4070 in
434 4031 515 4070 senstn
526 4024 580 4072 mali
591 4025 621 4072 dc
634 4041 662 4072 eo
677 4025 776 4081 dixisse,
784 4020 854 4087 stqus
866 4025 895 4070 sb
911 4023 1047 4072 Aristsrcho
1066 4028 1230 4084 petentem,ut
1310 4054 1313 4060 ι

138 4101 182 4149 sihi
196 4101 373 4148 Demosthenem
384 4099 554 4148 reconciliaret.

139 4225 217 4292 Quid
230 4225 318 4302 igitur
331 4223 401 4282 addi
413 4224 532 4304 potest?
546 4243 611 4302 quse
624 4226 709 4284 istius
722 4222 826 4284 similis
840 4218 905 4288 tuit,
917 4230 970 4281 aut
982 4219 1045 4278 fieri
1056 4229 1166 4298 potest,
1176 4196 1229 4281 isn-¹

138 4317 267 4396 probitas
276 4316 288 4373 i
297 4315 347 4394 qui
359 4317 506 4376 hominem
519 4316 730 4388 calamitosum,
744 4333 835 4390 aquo
848 4308 928 4369 nulla
938 4329 969 4370 re
981 4311 1071 4370 loesos
1084 4311 1230 4387 meret,-

137 4407 241 4466 omitto
259 4407 355 4467 dicere
373 4407 549 4481 amicam-,
567 4406 654 4467 simul
668 4417 698 4466 et
715 4401 952 4466 calumniandum
969 4403 1133 4482 censuitet
1144 4425 1230 4466 oran·
