2934 5000
477 312 642 375 CONTRA
664 261 834 375 lssDlAll.
1148 316 1206 375 329

115 462 234 521 tandem
246 462 411 523 advenisset
419 472 512 524 status
522 466 675 537 dien-*eo
685 468 784 527 omnis
791 468 953 527 constituta
961 466 1076 546 legibus
1086 479 1206 549 peracta
1282 508 1287 523 .

117 562 225 621 essem,
241 566 273 611 ut
283 554 446 626 dilationes,
457 564 491 615 ut
499 558 695 635 exceptiones,
706 576 804 635 neque
820 559 978 637 quicquam
998 568 1123 620 restaret
1142 579 1204 620 am·

12 700 13 705 ,
115 644 371 722 plius—,primum
383 664 431 732 me
444 657 589 723 meatur,
605 660 640 707 ut
658 649 808 709 arbitrium
827 648 991 709 differrem:
1011 648 1120 711 deinde
1127 662 1162 709 ut
1173 651 1205 709 in

113 746 261 813 posterum
285 736 361 795 diem
379 737 537 815 rejicerem.
578 740 719 810 Tandem,
740 740 820 818 quod
840 760 902 800 nec
916 760 973 818 ego
998 741 1205 812 consentirem,
1300 784 1306 793 .

114 846 208 905 neque
223 827 321 887 seiste
337 827 463 901 sisteret,
488 830 596 909 etjam
616 831 880 910 advesperasoesst,
900 833 1023 893 Midiem
1046 832 1204 894 desumit.

33 982 35 985 ,
114 919 412 996 Crepusculoautem,
426 930 457 979 et
470 922 599 981 tenebris
606 922 820 1001 ingruentibus,
833 920 915 984 uenit
928 924 1036 984 Midias
1049 926 1088 984 ad
1098 934 1204 1003 praeto·
1300 931 1310 953 ⁸

110 1011 197 1083 dum,
215 1022 245 1071 ot
263 1018 403 1091 praetores
422 1023 559 1072 meantes
581 1002 1036 1094 depmhedditqstratonemque
1060 1018 1122 1095 jam
1150 1016 1204 1076 ab·

113 1104 301 1185 euntem,qui
318 1105 348 1163 iu
361 1122 444 1165 reum
456 1106 606 1165 absentem
617 1107 833 1185 pronunciaret,
846 1118 881 1164 ut
896 1127 955 1185 ego
970 1126 988 1165 e
1007 1109 1135 1185 quodam
1152 1108 1204 1185 qui

110 1195 244 1254 interluit
262 1198 399 1275 comperi.
442 1196 572 1255 Primum
589 1198 677 1275 igitur
691 1197 868 1277 persuadere
880 1198 1010 1257 Stratoni
1023 1210 1156 1270 conatur,
1169 1207 1204 1256 ut

10 1304 13 1309 ¹
110 1289 284 1347 senteutiam
306 1290 517 1349 damnatoriam
538 1291 569 1349 in
591 1291 798 1373 absolutoriem
817 1298 1008 1359 converteret,
1021 1300 1111 1366 utque
1128 1308 1204 1368 pree·

112 1387 190 1437 tores
208 1380 381 1458 scripturam
397 1390 554 1440 mutarent.
596 1382 635 1439 Et
645 1382 858 1460 quinquaginta
870 1380 1025 1443 drachmas
1038 1399 1070 1439 se
1083 1380 1140 1439 illis
1151 1381 1205 1439 da·

113 1480 209 1526 turum
218 1471 386 1548 paciscitur.
427 1472 485 1539 Qui
498 1490 564 1531 cum
576 1490 640 1531 eam
651 1490 712 1532 rem
727 1472 850 1531 moleste
867 1470 987 1543 dement,
1000 1490 1036 1529 ao
1051 1471 1149 1529 neoni
1167 1489 1206 1556 eo

111 1579 145 1619 se
159 1560 267 1621 adduci
281 1572 457 1641 paterenus,
471 1564 666 1625 comminatus
685 1563 842 1643 multisque
856 1563 997 1623 conviciis
1015 1582 1066 1622 eos
1078 1563 1204 1622 insecta-

111 1662 169 1720 tus,
183 1654 334 1731 digressus
353 1655 431 1724 inde,
444 1656 515 1731 quid
533 1656 626 1714 faciti
667 1656 774 1734 Opera
790 1656 912 1733 pmtiunr
925 1664 973 1713 est
989 1664 1123 1734 spectare
1140 1655 1202 1731 ejus

108 1743 258 1802 malitiam.
306 1746 405 1809 Quum
427 1746 524 1805 arbitri
547 1750 721 1807 seutentiam
746 1748 826 1807 dicta
846 1747 894 1807 die
917 1748 1083 1808 rescindere
1105 1747 1205 1822 vellet,

105 1834 312 1911 jusjurandum
325 1854 383 1893 non
397 1836 488 1905 dedit.
531 1836 592 1895 Sed
611 1848 714 1899 contm
736 1857 769 1896 se
787 1848 881 1898 ratam
899 1839 961 1897 lieri
982 1839 1060 1899 sirit.
1100 1839 1151 1898 Sic
1163 1836 1204 1899 ad

59 1970 66 1982 ,
110 1928 292 1985 noremriros
303 1928 411 2004 absque
423 1928 614 2006 jurejurando
629 1940 676 1988 est
693 1930 795 1989 relate⁴
835 1929 875 1989 Et
893 1932 961 2008 quia
976 1931 1052 1991 clam
1069 1931 1203 2005 fraudem

109 2026 223 2075 struere
241 2017 416 2089 instituerat,
439 2019 592 2077 observato
625 2020 872 2079 arbitrorum'die
894 2022 1007 2093 ultimo,
1027 2022 1078 2099 qui
1102 2040 1202 2081 mense
1241 2019 1248 2025 ’

109 2106 204 2185 Aprili
216 2116 268 2165 aut
281 2109 362 2165 Maio
371 2117 424 2177 est,
436 2108 474 2165 ad
483 2127 569 2186 quem
583 2109 754 2167 arbitrorum
767 2110 842 2167 alins
852 2110 1027 2180 venitalius
1040 2130 1099 2171 nou
1112 2113 1201 2186 verit,

108 2197 223 2257 consuli
236 2196 390 2276 persuasit,
402 2208 435 2255 ut
447 2197 620 2272 senteutiam
631 2199 717 2257 ferret
731 2210 833 2258 contm
846 2218 947 2258 omnes
960 2201 1052 2278 leges,
1065 2204 1147 2261 nullo
1159 2205 1202 2261 ri-

109 2297 193 2347 atore
214 2288 371 2366 adscripto,
392 2298 532 2375 accusato
551 2290 681 2360 absente,
699 2298 846 2365 prasente
863 2290 989 2362 nemine,
1008 2291 1074 2350 loco
1093 2301 1202 2361 movet,

107 2388 198 2458 arque
208 2380 367 2459 ignominia
381 2390 472 2451 notat,
488 2378 645 2439 arbitrum:
666 2390 697 2441 et
709 2399 788 2439 nunc
800 2400 876 2440 uuus
889 2381 1120 2454 Atheniensium,
1133 2384 1203 2460 quia
1294 2458 1297 2464 1

109 2472 222 2544 Midias
240 2472 347 2532 deserti
355 2472 512 2533 vadimonii
526 2471 680 2532 damnatus
691 2481 745 2546 est,
758 2472 849 2532 totius
859 2472 1027 2552 reipublice
1042 2474 1204 2554 commodis

108 2563 261 2644 spoliatus;
280 2565 317 2623 ab
335 2564 414 2624 omni
431 2563 573 2644 dignitate
591 2565 722 2644 privatus
741 2574 795 2625 est.
836 2565 887 2625 Sic
900 2585 954 2626 nec
968 2565 1204 2644 acceptainjuria

108 2657 186 2716 diem
208 2655 536 2730 dicere,nec,arbitrum
553 2676 619 2716 esse
639 2647 752 2725 Mirliie,
771 2657 966 2737 deniquenec
979 2657 1202 2731 eademireria,
1287 2693 1336 2710 ··
1416 2703 1421 2710 ·

108 2758 143 2806 ut
152 2758 284 2836 apparet,
292 2758 454 2814 surim-err·

149 2845 198 2900 25.
220 2841 272 2901 Sic
285 2851 382 2902 sutem
396 2842 453 2902 hoc
465 2843 616 2921 negotium
629 2841 712 2902 robis
723 2841 967 2902 neandersndum
980 2850 1036 2912 est,
1049 2839 1204 2917 animm

108 2933 314 3012 reputandum,
327 2935 399 3010 qnid
414 2934 534 2993 tandem
549 2933 596 3007 sit,
613 2951 672 3014 qua
685 2936 759 3014 [tem
772 2931 876 3008 atroci]
887 2932 1013 2992 affectus
1025 2931 1130 3010 injuria
1144 2930 1204 2989 Mi·
1317 2968 1323 2981 ,

109 3024 186 3091 dias,
196 3025 233 3081 ab
245 3023 362 3082 homine
375 3026 438 3082 cire
449 3033 561 3106 tantum
574 3025 690 3102 erigere
699 3043 755 3102 pro
764 3023 850 3082 sactis
862 3023 1037 3102 supplicium
1050 3019 1203 3081 studuerit

109 3113 200 3180 Quod
211 3113 234 3172 si
245 3131 344 3174 revera
356 3113 426 3191 quid
441 3114 622 3174 intolerabile
635 3124 723 3191 atque
735 3115 861 3172 immane
873 3115 972 3182 tuerit,
984 3113 1100 3172 reniam
1112 3131 1205 3172 mers-

6 3267 8 3274 ,
110 3215 176 3264 tur:
198 3204 243 3262 sin
263 3203 422 3274 tule‘nihil,
437 3213 568 3286 spectate
586 3203 684 3261 scelus
697 3212 728 3258 et
747 3199 962 3268 crudelitatem,
978 3218 1037 3276 qua
1050 3202 1083 3256 in
1101 3218 1203 3259 omnes

109 3293 211 3354 obvios
225 3311 339 3371 semper
353 3302 511 3370 grammor.
534 3291 613 3356 Quid
625 3298 674 3347 est·
684 3287 773 3365 igitur
792 3287 873 3366 quod
887 3288 927 3346 sit
937 3288 1115 3366 perpessuri
1136 3289 1204 3349 hla-
1321 3289 1326 3298 ’

66 3419 72 3426 -
107 3404 168 3464 gno
182 3384 294 3444 scilicet
300 3382 413 3462 judicio
426 3382 582 3440 damnatus
600 3379 666 3454 luit,
680 3387 712 3436 et
727 3385 821 3451 tanto,
837 3387 872 3436 ut
883 3386 987 3436 totare
999 3376 1133 3438 familiari
1145 3379 1204 3458 pti.

107 3487 232 3537 veretur.
263 3475 305 3533 At
326 3471 405 3532 mille
427 3469 631 3530 drachmarum
644 3469 790 3528 duumxet
809 3468 848 3529 lis
868 3476 940 3528 erat.
974 3465 1114 3529 Omnino.
1143 3469 1205 3530 Sed

107 3567 223 3628 mordet
231 3566 318 3624 etiam
331 3563 400 3636 hoe,
408 3563 519 3642 inquiet
527 3561 642 3640 aliquis,
657 3579 748 3637 quum
757 3578 810 3638 per
819 3557 1131 3638 injuriamjudicstum
1144 3560 1203 3622 sol-

108 3657 235 3718 vendum
260 3665 317 3714 est.
344 3655 385 3713 At
406 3664 515 3714 statum
534 3653 611 3712 diem
632 3651 794 3730 praeterisse
814 3651 978 3732 ignorabat,
1002 3647 1081 3729 qnod
1099 3651 1203 3713 fraude

109 3759 212 3828 captus
226 3757 316 3816 esset.
348 3743 411 3804 lmo
424 3745 475 3804 illo
488 3745 552 3824 ipso
566 3743 612 3804 die
626 3744 776 3822 cognorit,
789 3743 879 3821 idque
890 3741 1017 3802 maximo
1030 3753 1203 3821 argumento

94 3851 166 3912 est,
185 3837 332 3901 homiuem
355 3835 439 3896 illum
457 3834 529 3896 nihil
559 3836 667 3913 injuste
694 3834 806 3896 fecisse
855 3834 916 3894 Iste
935 3851 1006 3894 rero
1034 3832 1203 3908 drachmam

109 3931 240 3990 noudum
254 3929 345 3991 ullam
358 3927 454 3988 solvit.
487 3926 546 3988 Sed
560 3927 598 3988 de
611 3927 667 3988 hoc
680 3926 834 4005 posterius.
865 3926 955 4003 Atqui
974 3921 1122 3982 licebatei
1133 3939 1203 4002 pro-

46 3999 60 4023 ‘
107 4023 186 4092 irato
206 4022 312 4086 reterre
334 4036 454 4082 oausam
471 4019 510 4082 ad
525 4017 652 4098 judiees,
674 4029 704 4078 et
718 4017 876 4087 defendere
892 4015 1037 4096 judicium
1050 4029 1118 4071 esse
1137 4011 1203 4070 nul-

109 4116 185 4188 lum,
195 4129 232 4176 ac
244 4133 361 4178 mecum
374 4105 507 4192 experiri,
521 4129 660 4190 cumque
673 4111 711 4172 sb
723 4109 806 4186 initio
826 4128 872 4168 ree
892 4106 921 4164 ei
938 4104 1043 4163 iuerat.
1074 4101 1135 4202 hed
1146 4101 1204 4160 hoc

109 4205 214 4268 noluit.
237 4206 277 4270 Et
289 4225 329 4270 ne
339 4205 448 4271 Midias
468 4203 588 4276 definito
601 4203 714 4282 legibus
728 4201 831 4261 decem
845 4196 986 4256 minarum
996 4191 1108 4295 judiqro
1124 4210 1204 4294 perr·

110 4297 322 4380 ministrarii
332 4316 364 4358 re
373 4315 433 4361 non
442 4297 523 4368 stitit,
532 4295 623 4374 (qnod
634 4294 745 4354 lactum
759 4287 897 4370 oportuit,
907 4282 1012 4385 qnos-⁸1
1024 4279 1204 4386 dsshqfflfeeb
1274 4309 1277 4313 ·

109 4405 213 4468 pernes
228 4388 320 4462 duret,
334 4390 380 4451 sin
400 4388 508 4460 minus,
522 4386 743 4458 absolveretur),
765 4381 864 4442 oirem,
880 4374 1086 4436 Atheniensem
1107 4373 1203 4456 digni-

631 4477 686 4531 2u
