2934 5000
15 606 18 759 l

420 322 475 380 DE
496 321 671 383 FOEDERE
689 319 980 381 ALEXANDREO.
1183 329 1239 386 155

135 489 212 540 mus,
227 481 260 531 ut
266 491 333 550 qua
345 473 445 534 hostes
456 475 540 535 facile
549 484 724 554 superasset,
732 472 758 533 si
767 452 897 535 utilitatis
908 477 1048 536 rationem
1060 459 1172 538 ¹habers
1185 498 1234 538 ro·
1318 499 1322 506 ·

132 561 245 623 luisset.
266 565 339 624 Jure
347 576 445 626 autem
453 567 548 627 iuhac
559 567 702 628 sententia
711 565 798 625 suut:
820 566 890 626 dum
898 568 975 627 enim
983 567 1070 626 maris
1084 568 1248 646 imperium·

131 655 204 714 citra
223 658 448 717 couuweniam
470 657 557 737 idque
571 657 672 718 'solum
685 657 872 730 tenuerimus,
885 658 924 718 ad
937 660 1082 719 terrestria
1108 660 1238 737 pericula

15 771 16 796 ι
128 745 328 823 propulsanda
347 748 432 807 lacile
454 747 511 806 alia
532 748 736 828 supplements
755 746 801 806 bis
822 749 924 829 copiis,
946 769 1018 829 quas
1039 750 1069 808 in
1083 753 1233 828 procinctu

14 840 15 853 ¹
126 836 279 910 habemus,
288 839 415 898 invenire
428 838 543 898 licebit:
558 841 717 916 praesertim
730 857 796 897 cum
807 838 924 900 fortuna
935 860 1033 902 eorum
1048 841 1232 904 insolentiam

125 929 303 1008 depresserit
316 933 366 1009 qui
381 931 597 1010 tyrannicorum
611 931 787 991 exercituum
799 932 932 992 custodia
944 934 1160 1003 muniebanturs
1186 945 1230 996 at·

121 1041 182 1099 que
193 1041 293 1082 eorum
306 1023 354 1082 alii
363 1023 509 1103 perierint,
519 1022 591 1081 alios
601 1041 647 1080 res
660 1023 724 1100 ipsa
732 1020 866 1082 docuerit
875 1043 940 1083 esse
953 1027 1194 1087 contemnendos.

170 1117 217 1172 ll.
238 1114 327 1181 Quod
336 1114 470 1193 igiturad
483 1132 572 1176 nares
585 1113 699 1185 attinet,
704 1114 737 1170 in
750 1131 809 1190 quo
820 1115 958 1175 momenti
968 1117 1121 1196 plurimum
1132 1131 1187 1192 est,
1197 1120 1226 1178 id

126 1204 257 1264 Macedo
269 1215 375 1284 praetcr
388 1205 446 1264 alia
459 1225 546 1285 supra
564 1212 787 1265 commemorata
807 1203 945 1264 violavit:
967 1207 1019 1266 sed
1041 1207 1115 1268 inter
1128 1211 1226 1271 omnia

123 1289 328 1356 Macedonum
345 1297 426 1356 lacta
440 1295 762 1356 contumeliosissimum
779 1306 809 1356 et
821 1295 1078 1357 insolentissimum
1093 1298 1165 1358 illud
1179 1313 1226 1360 est

120 1386 206 1464 quod
214 1405 306 1463 nuper
319 1387 435 1460 accidit,
448 1387 525 1444 Cum
539 1387 601 1445 ausi
620 1397 690 1446 sunt
709 1395 813 1447 conus
823 1405 977 1448 commune
992 1387 1088 1448 lrsdus
1098 1409 1165 1448 cum
1178 1393 1222 1470 ip·

120 1478 165 1535 sis
178 1477 281 1534 initum
290 1478 320 1536 in
335 1477 478 1536 Piraeeum
492 1477 655 1557 appelleret
676 1485 707 1537 et
718 1477 787 1547 hoc,
799 1477 1006 1548 Athenienses,
1018 1497 1076 1538 nou
1087 1480 1156 1557 quia
1164 1500 1223 1540 una
1237 1535 1241 1542 .

123 1567 249 1628 tdremis
263 1568 319 1627 luit
333 1569 401 1629 ideo
415 1569 496 1649 parri
507 1569 674 1629 ducendum
686 1577 741 1640 est,
755 1569 808 1628 sed
821 1587 872 1629 eos
885 1569 1041 1648 periclitari
1054 1571 1221 1648 patientiam

120 1670 255 1720 nostram
272 1661 408 1733 voluisse,
423 1673 457 1721 ut
470 1662 599 1740 pluribm
614 1661 692 1721 idem
705 1661 803 1722 lacere
817 1661 927 1733 haeret,
941 1661 1138 1736 staurendum,
1149 1673 1179 1723 et
1191 1674 1224 1724 ut

123 1751 314 1824 declararent,
337 1754 413 1813 sicut
424 1754 512 1812 etiam
524 1753 554 1812 in
568 1751 679 1812 caeteris
696 1752 877 1826 factumest,
892 1771 924 1812 se
937 1753 1103 1814 communia
1120 1756 1220 1816 decre-

121 1853 155 1903 ta
167 1864 227 1903 uon
240 1863 360 1905 curare:
381 1863 450 1904 nam
464 1863 514 1904 em
529 1845 572 1904 ita
580 1843 718 1924 paulatim
730 1842 857 1924 irrepere
870 1855 901 1904 et
914 1864 967 1905 nos
978 1844 1157 1906 assuefacere
1168 1867 1219 1907 vo·
1264 1925 1267 1930 1

120 1934 211 1996 luisse
224 1937 262 1996 ad
283 1936 357 1995 tales
370 1955 509 1996 accessus
522 1934 720 2015 perferendos,
733 1935 820 1996 etiam
838 1935 906 1994 inde
926 1935 1115 2015 perspicitur;
1131 1955 1169 1997 ex
1182 1959 1218 2000 eo

121 2027 198 2086 enim
212 2027 291 2105 quod
307 2029 333 2085 is
353 2028 479 2105 quitum
492 2028 588 2086 navim
602 2026 724 2105 appulit,
742 2045 830 2105 quem
844 2027 942 2086 statim
955 2046 1013 2086 una
1027 2046 1095 2086 cum
1108 2028 1217 2094 uhemi

119 2118 266 2199 perditum
277 2117 386 2177 anobis
399 2117 560 2195 oportebat,
570 2117 655 2194 petiit
665 2128 700 2175 ut
717 2119 748 2174 iu
762 2119 867 2177 nostris
881 2121 1021 2196 portubus
1033 2139 1122 2198 parva
1135 2124 1216 2182 nari·

119 2210 170 2289 gia
178 2208 312 2268 fabricari
318 2207 428 2278 liceret,
436 2207 484 2266 cui
492 2206 610 2266 tandem
617 2207 674 2266 luit
680 2208 846 2278 obscurum,
856 2227 908 2267 eos
917 2209 947 2268 id
954 2211 1069 2270 consilii
1081 2211 1230 2282 habuisse,

118 2301 236 2360 utintra
243 2309 359 2379 portum
367 2299 465 2359 statim
472 2307 570 2358 essem
577 2297 674 2376 potius
684 2315 772 2375 quam
781 2297 850 2356 utin
862 2317 928 2356 eum
935 2300 1130 2378 appellerentl
1140 2313 1179 2375 et,
1190 2304 1215 2362 si

115 2391 241 2474 parvula
252 2390 368 2470 navigia
380 2392 577 2461 toleraremus,
591 2389 679 2468 paulo
691 2397 757 2466 post
770 2388 898 2448 triremes
913 2408 1044 2467 qnoque;
1064 2401 1103 2464 et,
1117 2393 1142 2450 si
1155 2395 1213 2471 pri-

115 2504 197 2545 mum
206 2503 326 2563 paucas,
340 2481 428 2562 paulo
438 2491 506 2561 post
514 2481 637 2540 multas:
647 2499 701 2541 nec
715 2480 792 2539 enim
805 2479 862 2541 dici
875 2489 983 2559 potest,
994 2502 1081 2560 quum
1090 2481 1212 2545 Athenis

112 2596 222 2655 magna
227 2577 310 2655 copia
317 2576 355 2634 sit
361 2575 505 2654 lignorum
513 2573 551 2633 ad
557 2591 643 2632 naves
650 2570 844 2643 fabricandas,
851 2592 917 2651 quta
926 2573 1005 2652 ligna
1012 2583 1042 2633 at
1050 2594 1066 2633 e
1074 2574 1212 2654 loginquo

114 2680 148 2728 et
160 2668 315 2729 difficulter
326 2668 526 2748 importantur,
536 2666 567 2725 iu
584 2664 770 2736 Macedonia,
783 2684 848 2741 quse
862 2664 949 2726 etiam
964 2666 1028 2727 aliis
1046 2667 1096 2745 qui
1108 2669 1210 2730 volunt

112 2760 296 2821 earilissimo
302 2760 394 2839 pretio
404 2757 578 2838 suppeditat,
590 2756 736 2815 exstitisse
746 2756 906 2835 penuriam.
928 2758 987 2816 Sed
996 2758 1208 2831 arbitrabantur

113 2870 204 2912 nares
211 2852 250 2911 ibi
260 2850 382 2913 simulet
389 2849 571 2911 fabricandas
580 2850 649 2909 etin
658 2847 761 2907 eodem
770 2857 857 2925 portu
866 2848 1028 2927 implendas
1035 2869 1109 2923 esse,
1119 2870 1208 2929 quum

115 2946 262 3003 communi
273 2943 385 3003 foedere
399 2943 439 3001 sit
460 2941 604 3001 sancitum
617 2938 739 3017 nequid
752 2940 811 2999 tale
825 2939 1021 3012 admittamus,
1033 2960 1155 3019 eamque
1168 2942 1204 3002 li-
1287 2950 1292 2962 ‘

110 3035 237 3095 oendam
249 3034 343 3093 indies
358 3034 419 3092 lore
432 3032 570 3112 majorem
579 3039 764 3110 putaverunt,
775 3050 867 3109 usque
881 3031 955 3090 adeo
964 3030 1005 3089 illi
1020 3050 1099 3091 nose
1114 3033 1205 3092 subli-

111 3128 155 3186 mi
168 3126 331 3205 despiciunt
342 3136 461 3204 propter
472 3133 616 3183 nostrates
629 3122 763 3183 doctores
776 3122 826 3200 qui
839 3122 881 3181 ais
896 3122 1007 3181 dictant
1017 3122 1087 3199 quid
1098 3124 1205 3185 lacien-

110 3219 184 3276 dum
197 3218 246 3277 sit.
288 3216 336 3275 Sic
349 3234 408 3274 una
420 3234 486 3274 cum
498 3215 561 3274 istis
575 3213 727 3293 cujusdam
740 3212 892 3273 ineffabilis
903 3212 1103 3273 dissolutionis
1116 3225 1147 3274 et
1159 3217 1203 3297 ig-

108 3310 206 3370 naviae
216 3316 345 3369 uosuam
354 3308 454 3367 urbem
463 3306 772 3383 condemnautnequa
789 3323 853 3363 eam
873 3304 970 3363 futura
983 3303 1142 3382 providere,
1153 3326 1203 3367 ne·

109 3422 169 3480 que
177 3420 305 3481 unquam
313 3398 442 3478 cogitare
450 3406 564 3477 putant,
579 3396 724 3475 quomodo
731 3406 871 3475 ιγίιιιιιιιι
881 3394 935 3453 iste
943 3394 1088 3453 communi
1095 3395 1203 3459 ludere

110 3504 226 3561 atatim
248 3493 294 3552 cui
307 3511 373 3571 ego,
387 3489 592 3558 Athenienses,
607 3507 658 3549 vos
666 3488 764 3546 hortor
773 3497 807 3544 ut
815 3486 950 3565 pareatis,
958 3486 1201 3565 quemadmodum

109 3605 165 3664 ego
178 3584 272 3656 docui,
291 3594 321 3642 et
334 3582 505 3641 confirmare
517 3580 632 3659 possim,
646 3588 680 3637 ut
698 3577 748 3657 qui
768 3575 824 3637 hac
836 3583 923 3635 etate
937 3596 1012 3651 sum,
1026 3596 1079 3637 nos
1096 3590 1126 3639 et
1133 3572 1217 3661 jura⁰

109 3678 292 3738 nostrocitra
303 3675 474 3755 cujusquam
485 3670 738 3751 reprehensionem
750 3679 781 3727 et
793 3666 993 3729 occasionibus
1008 3668 1071 3729 sine
1081 3670 1141 3732 ullo
1150 3695 1199 3752 ps-
1261 3726 1267 3739 ,

108 3770 198 3835 uculo
215 3788 330 3841 usuros,
348 3784 423 3846 quse.
435 3784 490 3824 nos
508 3763 546 3823 ad
560 3760 777 3842 prosequendas
791 3768 903 3819 normas
923 3760 1060 3821 utilitates
1079 3761 1199 3837 incitant

107 3870 273 3941 eturgent:
293 3878 363 3919 nam
375 3855 591 3936 insuperetiam
612 3852 757 3915 communi
771 3851 870 3911 foederi
892 3850 1066 3932 adscriptum
1085 3856 1141 3925 est,
1162 3855 1196 3913 si

107 3952 336 4031 participes
370 3946 594 4009 communis
627 3944 741 4024 pacis
771 3962 862 4003 esse
882 3944 1061 4010 velimus3
1083 3954 1113 4001 at
1132 3962 1194 4003 rer·

105 4044 175 4103 bum
188 4042 261 4105 illud
276 4044 311 4103 si
330 4060 371 4101 ve
379 4041 488 4101 limus
501 4037 588 4098 etiam
596 4036 770 4097 contrarium
780 4034 988 4113 complectitur,
998 4051 1066 4091 num
1078 4032 1195 4094 tandem

107 4135 247 4195 desistere
259 4135 382 4194 velimus
391 4131 512 4192 aliorum
522 4130 644 4190 ductum
665 4138 695 4189 et
707 4126 834 4206 auspicia
847 4128 967 4203 turpiter
976 4124 1068 4199 sequi,
1077 4142 1115 4182 an
1125 4144 1194 4188 vero

106 4244 144 4285 ne
167 4226 311 4287 recordari
329 4226 445 4306 quidem
468 4224 554 4283 ullius
567 4220 697 4303 praelati
709 4217 929 4294 facinorisque
939 4216 976 4275 ab
990 4214 1193 4293 antiquissimis

104 4320 282 4396 temporibus
294 4318 417 4398 plurima
424 4318 508 4376 nobis
518 4333 579 4395 prae
592 4313 705 4372 coeteris
716 4309 849 4371 omnibus
860 4306 961 4366 relicta
972 4314 1050 4365 sunt.
1066 4304 1096 4367 Si
1105 4309 1192 4391 igitur

98 4410 254 4490 jusseritis,
269 4409 468 4479 Athenienses,
481 4408 645 4475 decernam,
664 4413 698 4463 ut
721 4402 830 4461 foedera
845 4398 958 4475 jubent,
982 4416 1189 4464 rantrasurs

103 4520 238 4562 BELLUM
259 4522 333 4563 lm
359 4515 594 4561 lunanum«.
