2934 5000
274 319 330 380 tot
379 259 390 278 ·
661 315 899 384 PHILIPPICA
920 323 974 384 tv.

269 471 392 555 poterit:
406 471 528 558 primum
542 480 628 549 enim,
636 479 743 558 quibus
757 499 807 540 rex
824 479 971 538 Persarum
982 479 1069 541 fidem
1077 476 1369 560 habetquosquedc

270 587 302 628 se
316 570 390 630 bene
405 591 468 632 esse
482 573 599 632 meritos
612 583 707 651 putat,
720 573 750 631 hi
765 575 929 632 oderuntet
939 571 1017 632 bello
1026 573 1167 632 infestant
1180 571 1367 652 Philippum:

265 659 389 754 deinde,
404 665 454 742 qui
468 665 583 744 adjutor
597 675 627 724 et
645 665 780 724 conscius
795 665 852 723 tuit
864 664 992 724 omnium
1005 664 1132 744 Philippi
1150 674 1254 724 contra
1266 685 1370 744 regem

269 755 501 826 Instructionum‚
516 757 540 815 is
555 757 692 835 abreptus
706 768 764 826 est,
779 766 811 816 et
822 757 921 814 omnis
933 775 999 834 quoe
1013 766 1101 835 gesta
1112 767 1182 814 sunt
1194 763 1246 815 re'x
1259 775 1319 815 non
1329 775 1368 815 ex

269 847 353 907 nobis
366 848 568 908 accusantibus
583 848 691 920 audiet,
706 867 778 926 quos
792 849 914 928 privatae
926 849 1059 908 utilitatis
1072 847 1267 907 causadiccre
1278 859 1369 927 puta·

268 941 352 1013 verit,
363 940 415 1000 scd
429 959 466 998 ex
479 941 543 1019 ipso
557 957 651 1000 rerum
667 951 765 1000 actore
783 953 814 998 et
827 939 1075 1009 administratum
1096 939 1175 1000 unde
1188 940 1263 999 tides
1276 939 1369 999 habe·

268 1031 345 1092 bitur
359 1032 602 1102 accusationibus,
615 1041 645 1091 et
656 1051 693 1091 ea
703 1033 806 1092 vestris
820 1033 926 1110 legatis
936 1032 1046 1109 reliqua
1059 1032 1114 1090 erit
1126 1032 1301 1109 oratioque
1312 1049 1367 1090 rex

243 1152 247 1160 ²
267 1107 392 1183 maxime
405 1123 604 1197 delectabitur,
618 1142 683 1182 eum
700 1124 749 1202 qui
762 1135 900 1202 utrosque
915 1124 1024 1182 laeserit
1035 1123 1227 1182 communiter
1239 1140 1306 1188 esse
1318 1123 1367 1182 ul·

267 1215 451 1276 ciacenduns:
473 1216 592 1293 regique
611 1216 701 1275 multo
714 1217 777 1276 iore
797 1213 1055 1290 formidabiliorem
1075 1214 1292 1294 PhiIIppum,si
1310 1234 1367 1274 nos

266 1309 347 1388 prius
357 1307 507 1374 invaserit:
527 1327 596 1368 nam
611 1307 635 1366 si
648 1309 726 1386 quod
737 1328 793 1368 nos
803 1307 931 1366 derelicti
941 1307 1047 1366 vulnus
1058 1307 1265 1385 acceperimus,
1275 1306 1367 1368 intre-

266 1400 336 1478 pida
349 1399 429 1458 illum
444 1410 545 1459 contra
558 1419 657 1478 regem
672 1401 789 1459 iturum.
832 1399 955 1477 Propter
963 1398 1028 1456 Iroec
1039 1399 1128 1476 igitur
1140 1400 1248 1470 omnia,
1256 1419 1365 1461 censeo

265 1492 380 1570 legatos
393 1509 459 1550 casa
471 1491 640 1562 mittendos,
652 1493 702 1570 qui
716 1508 783 1552 cum
794 1511 864 1569 rege
873 1491 1094 1568 colloquantur;
1108 1503 1141 1552 et
1149 1492 1364 1571 simplicitatem

265 1585 350 1647 istam
361 1583 574 1663 deponendam,
584 1603 650 1661 quse
659 1587 740 1644 vobis
751 1605 831 1663 sepe
839 1583 1015 1643 detrimento
1025 1585 1090 1643 fuit.
1132 1586 1365 1650 Enimvembsr·

263 1677 351 1735 barus
361 1687 407 1734 est
419 1685 449 1734 et
461 1677 623 1734 communis
636 1676 764 1752 omnium
774 1676 877 1742 bostis,
892 1687 923 1734 et
933 1676 1044 1754 reliqna
1052 1677 1115 1756 ejus
1124 1680 1238 1756 generis
1246 1682 1361 1741 omnia:

197 1769 201 1780 ”
265 1767 418 1844 egoenim,
429 1785 496 1824 cum
510 1765 596 1824 video
610 1785 674 1824 esse
687 1767 737 1844 qui
751 1767 831 1824 illurn
842 1767 892 1843 qui
902 1766 985 1826 Susis
998 1778 1030 1825 et
1040 1768 1198 1828 Ecbatanis
1209 1770 1292 1848 degit
1300 1791 1363 1830 me-

263 1867 338 1929 tuat,
348 1869 378 1916 et
390 1858 503 1936 reipub.
515 1857 588 1916 male
602 1856 677 1916 velle
692 1859 780 1929 dieat,
791 1859 840 1937 qui
850 1859 929 1937 prius
942 1859 1078 1919 etiamad
1088 1862 1218 1940 rempub.
1229 1873 1363 1923 nostram

263 1949 430 2027 erigendam
446 1948 561 2023 adjutor
575 1948 639 2020 tuit,
654 1963 685 2008 et
697 1969 789 2028 nuper
800 1951 1001 2029 pollicebatur,
1018 1951 1111 2030 (quod
1128 1953 1217 2012 siros
1237 1973 1296 2012 non
1309 1974 1362 2014 ac·

264 2043 394 2122 cepistis,
408 2040 462 2100 sed
476 2043 730 2101 senatusconsulto
740 2043 922 2122 repudiastis,
936 2063 988 2123 per
1000 2045 1084 2104 illum
1098 2045 1214 2122 quidem
1228 2067 1287 2106 non
1301 2059 1363 2107 ste-

262 2137 321 2210 tit.)
335 2136 372 2194 de
386 2154 421 2193 eo
431 2149 538 2202 antem,
550 2134 599 2214 qui
612 2135 760 2195 inionibus
770 2135 855 2207 adeo,
867 2155 959 2215 prope
969 2137 998 2194 in
1012 2136 1109 2196 media
1118 2136 1363 2210 GraecIacreseit,
1384 2136 1390 2146 “

262 2227 398 2307 predone
419 2226 600 2299 Graecorum,
621 2227 700 2286 aliud
721 2228 830 2306 aliquid
843 2227 1096 2302 dicat-demiror,
1109 2248 1235 2308 eumque
1248 2243 1360 2305 metuo,

261 2320 390 2400 quisquis
404 2319 452 2378 ille
467 2319 514 2387 sit,
522 2337 586 2378 cum
602 2319 665 2398 ipse
678 2319 844 2399 Philippum
855 2340 915 2380 non
925 2328 1039 2379 metuat.

304 2415 349 2472 10.
372 2413 429 2471 Est
441 2421 472 2471 et
485 2411 542 2470 alia
552 2431 596 2471 res
604 2431 670 2490 quse
679 2413 845 2490 reipublicae
855 2422 952 2483 nocet,
963 2412 1073 2491 injusta
1080 2413 1360 2476 maledicentiaver·

259 2507 362 2585 bisque
375 2499 433 2565 tion
444 2506 683 2564 convenientibus
694 2504 824 2565 adducta
831 2503 860 2563 in
867 2505 1023 2573 invidiam
1038 2525 1105 2584 quea
1114 2507 1150 2565 iis
1160 2508 1357 2580 occasionem,

259 2598 308 2677 qui
322 2596 391 2655 nibil
403 2596 479 2674 oequi
490 2614 577 2673 agere
591 2594 692 2654 volunt
706 2596 735 2655 in
749 2596 908 2675 republica,
921 2597 1107 2677 suppeditat:
1129 2598 1257 2679 denique
1264 2602 1360 2660 omni-

260 2710 310 2751 uru
324 2708 391 2767 quse
400 2687 516 2759 desunt,
525 2706 592 2747 cum
606 2688 636 2745 id
645 2688 681 2747 ab
694 2687 793 2768 aliquo
802 2689 863 2748 fieri
872 2701 1014 2769 oporteat,
1024 2690 1055 2749 in
1062 2710 1128 2751 eam
1137 2711 1198 2751 rem
1208 2692 1361 2752 uanslerri

258 2783 374 2862 culpam
385 2781 546 2841 invenietis.
569 2782 617 2840 De
626 2801 686 2861 qua
698 2782 817 2842 omnino
831 2784 929 2844 dicere
938 2785 1049 2855 rere'or,
1065 2786 1119 2845 sed
1133 2786 1230 2847 dicam
1241 2797 1357 2849 tamen:

257 2886 331 2954 puto
340 2870 418 2932 enim
427 2890 472 2930 mc
481 2872 655 2944 habiturum,
666 2874 748 2952 quod
757 2874 797 2935 ad
807 2868 972 2954 reipublice
984 2877 1138 2937 utilitatem
1147 2890 1178 2938 et
1184 2898 1235 2957 pro
1244 2900 1360 2961 paupe-

133 2966 154 3025 ’.
258 2968 338 3027 ribus
349 2974 450 3025 contra
463 2964 568 3025 divites
578 2965 684 3038 dicam,
696 2978 726 3027 et
735 2987 788 3045 pro
793 2967 986 3046 locupletibus
996 2981 1099 3031 contra
1105 2992 1224 3051 egems,
1234 2976 1284 3033 sie
1294 2995 1359 3036 me-

258 3060 308 3121 dio
315 3058 515 3119 sustulerimus
529 3059 702 3128 calumnias,
718 3078 791 3137 quas
803 3060 842 3119 de
851 3061 983 3122 menuali
996 3065 1123 3141 pecunia
1136 3064 1255 3143 quidam
1265 3066 1358 3145 iniqui

177 3162 193 3237 'A
257 3154 368 3225 dicunt,
378 3162 408 3212 et
416 3152 546 3211 timorem
560 3151 718 3221 illum,non
727 3170 814 3230 posse
822 3152 883 3211 sine
894 3173 1001 3231 magno
1009 3155 1107 3236 aliquo
1115 3157 1193 3217 malo
1202 3158 1279 3217 hanc
1294 3179 1356 3219 rem

256 3245 422 3315 consistere,
436 3262 494 3323 quo
509 3242 580 3302 nihil
594 3243 687 3321 majus
706 3243 803 3303 adres
816 3244 959 3322 gerendas
972 3247 1116 3319 conterre,
1130 3246 1201 3307 nibil
1214 3249 1295 3326 quod
1309 3260 1357 3311 to-

256 3348 316 3398 tam
336 3339 437 3397 urbem
452 3335 545 3414 magis
558 3337 724 3413 corroboret
738 3347 889 3413 praestare,
903 3355 1068 3414 possumus.
1109 3338 1159 3398 Sic
1171 3351 1270 3399 satem
1282 3361 1356 3401 con·

256 3430 400 3489 siderate:
413 3428 475 3487 ‚sed
486 3426 578 3506 primo
587 3427 653 3487 Ioco
662 3426 759 3489 dicam
768 3427 806 3486 de
814 3428 862 3495 iis,
873 3428 923 3507 qui
932 3429 1035 3508 inopes
1043 3449 1110 3503 esse
1120 3430 1262 3491 videntur.
1285 3433 1357 3495 Non

254 3519 378 3580 ita‘oIIm
391 3518 547 3595 vectigalia
560 3528 668 3578 nostrae
678 3520 805 3579 civitatis
816 3531 934 3581 centurn
943 3532 974 3580 et
984 3522 1104 3599 triginta
1112 3523 1224 3583 talenta
1233 3545 1293 3585 non
1303 3522 1355 3586 su-

255 3614 412 3690 perabant:
433 3620 464 3669 et
475 3630 562 3669 nemo
575 3630 612 3669 ex
625 3610 660 3669 iis
674 3622 727 3681 est,
741 3612 790 3689 qui
811 3613 917 3672 tn'remi
931 3633 1068 3692 preesse,
1087 3627 1141 3673 aut
1152 3618 1283 3676 conferre
1301 3601 1355 3677 tri-

193 3778 200 3788 ·
254 3706 357 3764 butum
371 3713 515 3781 poterant,
528 3702 578 3779 qui
592 3720 650 3760 non
661 3722 714 3762 sua
729 3712 833 3781 sponte
849 3704 905 3763 sibi
914 3704 1079 3765 faciendum
1087 3706 1216 3767 officium
1224 3717 1353 3784 putaret,

255 3796 334 3875 quod
346 3792 476 3874 pecuniae
489 3793 574 3870 copia
587 3811 645 3851 non
659 3804 740 3854 erat:
756 3795 805 3854 sed
818 3806 850 3855 ct
858 3797 989 3855 triremes
999 3798 1140 3858 instructo
1153 3799 1244 3869 ibant,
1254 3812 1285 3859 et
1294 3796 1351 3881 pe-

253 3887 342 3947 cunIa
352 3886 382 3944 in
396 3882 532 3965 promptu
547 3896 618 3955 erat,
632 3894 662 3943 et
675 3887 754 3945 omni
766 3888 863 3947 officIo
878 3888 1082 3967 fungebamur.
1124 3889 1274 3951 Posthac
1289 3894 1351 3952 sor-

252 3990 332 4039 tunoe
340 3978 505 4057 benignitas
515 3978 753 4044 auxitserarium;
774 3988 809 4038 ut
822 3981 933 4041 talenta
945 4001 999 4059 pro
1011 3992 1130 4041 centum
1141 3982 1197 4041 illis
1212 3983 1352 4062 quadrin-

252 4069 348 4153 genta
354 4072 483 4139 redeant,
498 4070 559 4128 sine
573 4070 634 4129 ullo
647 4069 767 4128 divitum
781 4071 965 4143 detrimento,
978 4072 1031 4132 sed
1045 4093 1112 4132 cum
1126 4092 1226 4133 eornm
1236 4075 1350 4134 emolu·

252 4176 352 4225 mento
366 4164 482 4243 potius:
503 4162 609 4222 divites
624 4162 811 4221 enimomnes
823 4163 944 4223 veniunt
954 4157 984 4223 iri
997 4177 1110 4243 partem
1123 4185 1234 4237 eorum,
1247 4177 1280 4227 et
1288 4187 1349 4228 rne-

251 4258 307 4317 rito
319 4258 447 4315 veniunt.
478 4255 537 4321 Qui
555 4255 588 4315 fit
604 4254 700 4333 igitur,
714 4264 747 4312 ut
756 4254 786 4312 id
801 4254 864 4313 aliis
877 4254 924 4315 alii
937 4258 1155 4334 exprobremus,
1175 4269 1206 4317 et
1218 4278 1270 4337 per
1281 4277 1349 4320 eam

252 4346 378 4427 speciem
391 4347 488 4405 facere
502 4366 570 4424 quae
583 4345 689 4407 decent
702 4345 891 4406 recusemus?
913 4345 976 4435 Nisi
989 4348 1065 4407 sorte
1083 4348 1223 4409 auxilium
1236 4368 1349 4431 paupe-

252 4441 359 4503 ribuss
373 4438 489 4499 fortuna
500 4438 629 4501 miamin
646 4439 829 4509 inridemus;
850 4458 923 4520 quos
937 4459 992 4501 nec
1004 4440 1068 4521 ipse
1085 4441 1278 4531 reprebendo,
1291 4466 1347 4506 nec
