2934 5000
346 307 415 375 -mt
435 313 558 375 Mane
578 307 709 375 GESTA
729 307 978 376 LEGATIONE.
1147 315 1210 373 ’λιιι

116 483 219 534 susem
235 471 343 530 ιιιιιιι
364 470 462 548 carpe
484 469 540 528 sni
562 469 783 540 emissent,
797 457 1211 542 redanimandarum

117 577 150 624 et
160 563 302 624 scelerum
315 563 413 622 socius
423 561 514 620 luisse
527 559 684 618 sidereosr.
725 555 789 636 Ego
810 559 898 636 igitur
911 559 936 618 is
950 561 988 618 ab
1001 559 1082 620 initio
1095 561 1209 642 iniqui

117 660 190 718 istos
200 657 373 725 accusarirn,
382 656 504 713 istorum
518 671 588 710 vero
601 666 648 709 me
660 669 758 712 nereo.

162 751 209 808 13.
230 749 275 807 Ac
288 756 408 806 senatus
419 743 469 802 illa
481 742 620 822 quidem
609 758 670 820 Jarn
682 742 862 812 decreverat,
874 743 1015 802 concione
1029 753 1126 804 autern
1140 713 1211 812 coir

116 851 232 912 vocata,
246 850 277 898 ct
289 835 445 916 Philippo
433 853 495 914 Jarn
507 836 585 893 intra
593 832 683 912 Pylas
697 848 855 912 progresso
874 834 1009 912 (priorum
1024 835 1102 894 enim
1114 831 1144 896 id
1159 839 1214 899 ruit

118 934 249 993 omniurn
262 928 416 998 scelerum,
430 925 510 1004 quod
530 924 752 1004 Philippensis
770 923 895 1002 negotiis
916 925 1139 1002 prefecerant,
1130 939 1212 1001 rtem,

109 1045 186 1085 urum
197 1023 322 1104 primunr
340 1023 422 1081 vobis
443 1019 564 1097 negotia
582 1017 788 1096 cognoscenda
801 1026 910 1089 essent,
923 1018 1029 1079 deinde
1042 1021 1212 1082 consultan-

118 1117 200 1204 dnm,
214 1128 290 1195 post,
304 1114 385 1193 quod
405 1113 500 1171 risum
524 1121 615 1182 esset,
636 1107 795 1187 agendm,
808 1108 888 1187 qnod
901 1109 1067 1184 effecerant,
1082 1124 1115 1172 ut
1128 1115 1214 1174 simol

115 1229 172 1268 ros
186 1218 218 1268 et
229 1208 375 1277 audiretis,
388 1213 420 1266 et
437 1203 488 1262 ille
506 1201 634 1272 adesset,
646 1211 739 1277 utque
760 1217 815 1258 nec
829 1200 900 1276 quid
915 1197 977 1260 fieri
988 1214 1143 1281 oporteret,
1156 1207 1214 1266 diei
1340 1247 1349 1264 .

117 1301 207 1361 facile
219 1301 332 1378 posset)
344 1296 418 1356 illud
432 1294 571 1356 etiamad
584 1291 696 1370 reliqua
709 1293 845 1363 accessit,
858 1302 892 1350 nt
904 1292 934 1351 id
947 1294 1062 1372 quidem
1079 1309 1212 1359 senatus·

118 1391 288 1452 consultum
312 1388 420 1467 populo
441 1403 528 1445 nemo
550 1382 664 1462 legerit,
679 1401 774 1459 neque
795 1378 920 1441 audierit
940 1384 1074 1464 populus,
1088 1389 1165 1447 sed'
1158 1401 1214 1449 rste

120 1483 285 1552 surrexerit,
298 1491 329 1539 et
340 1499 377 1538 ea
389 1477 566 1556 praedicarit,
578 1495 645 1553 quie
667 1475 756 1532 modo
768 1474 852 1552 robis
872 1474 1004 1552 exposui,
1018 1477 1109 1536 inulta
1121 1489 1152 1537 et
1170 1481 1215 1540 in-

119 1576 222 1656 gentia
233 1577 320 1644 bona,
337 1592 405 1652 qnoe
421 1589 453 1630 se
466 1570 637 1648 impetrasse
656 1585 676 1626 s
697 1565 833 1645 Philippo
852 1575 940 1643 atque
958 1566 1059 1627 afferre
1074 1571 1216 1648 jactabat,

119 1677 240 1770 propter
257 1685 324 1743 quse
343 1662 525 1743 proscriptus
548 1669 627 1719 esset
648 1677 666 1716 a
686 1657 842 1716 Thebanis.
893 1656 1020 1716 Proinde
1046 1679 1099 1721 ros
1127 1665 1216 1732 territi

116 1759 241 1838 primunr
252 1752 552 1837 praesentiaPhilippi,
563 1759 596 1810 et
607 1750 671 1810 istis
684 1749 855 1818 irssoentes,
869 1747 919 1826 qni
933 1767 992 1808 non
1007 1760 1075 1812 snte
1085 1753 1214 1816 indicas-

109 1861 197 1920 sent,
212 1849 361 1929 aliquanto
373 1845 501 1906 mitiores
519 1841 642 1912 tiebatis,
656 1837 737 1920 quod
750 1839 847 1898 omnis
860 1856 914 1898 ιοι
927 1852 1135 1904 οοιιιοοιιιιιιοι
1148 1865 1215 1925 quse
1331 1853 1335 1860 '

118 1941 244 2013 vellens,
257 1937 431 2020 sperabatis,
439 1954 495 1994 nec
504 1951 608 1994 rocem
620 1932 720 1992 andire
730 1951 836 2002 meam,
847 1941 900 1990 aut
912 1934 1085 2012 cujusquam
1096 1937 1216 2000 alterius

120 2032 276 2092 solebatis.
299 2030 374 2088 Post
385 2029 451 2086 haec
463 2027 660 2086 recitabantur
672 2025 771 2084 missae
784 2044 803 2083 a
811 2023 947 2103 Philippo
960 2025 1062 2102 llteroe,
1072 2048 1145 2107 quas
1159 2033 1215 2092 iste

121 2124 289 2201 scripserat,
302 2124 497 2180 commoratus
508 2125 578 2196 post
590 2135 656 2186 nos,
675 2135 741 2193 quse
758 2116 855 2192 pelam
879 2123 911 2174 ct
930 2127 1030 2193 aperte
1051 2121 1122 2180 nihil
1135 2135 1217 2186 erant

120 2213 203 2274 alind
216 2231 304 2291 quam
317 2210 451 2278 defensio
471 2207 624 2277 scelerum,
638 2221 707 2283 quse
721 2205 767 2264 isti
786 2215 996 2282 perpetrarant.
1021 2209 1098 2270 Nam
1113 2225 1144 2272 et
1157 2216 1215 2277 hoc

118 2309 206 2379 inest,
219 2324 251 2365 se
265 2303 444 2384 prohibuisse
457 2301 522 2358 illos
534 2298 566 2356 in
578 2299 665 2356 nrbes
678 2297 780 2367 ituros,
793 2305 823 2354 et
836 2297 1039 2374 jusjurandum
1053 2315 1218 2380 exacturos,-

120 2408 162 2471 et,
176 2407 211 2457 nt
224 2397 392 2476 adjumento
401 2392 462 2452 sibi
472 2400 571 2449 essent
590 2389 620 2446 in
641 2386 864 2447 reconciliandis
878 2385 1036 2448 Alensibus
1049 2401 1080 2449 et
1093 2392 1217 2456 Pharsa·
1258 2381 1263 2392 ⁵

118 2491 176 2561 liis,
191 2510 241 2550 eos
251 2487 421 2557 detinuisse,
429 2483 558 2560 deniqne
571 2479 668 2539 omnia
676 2480 799 2539 istorum
811 2489 933 2555 l’eccam
944 2478 975 2537 5¹²
986 2477 1175 2559 'e'hfffls‘fh
1188 2501 1221 2549 ⁶⁸
1327 2487 1332 2493 ’

118 2584 174 2645 sibi
193 2579 350 2641 adscribit:
364 2574 560 2637 Phocensiunr
575 2591 656 2644 vero,
667 2580 719 2631 ant
733 2570 1137 2649 Thespiensiuns,ariteorurn
1148 2598 1215 2657 qua

121 2678 178 2737 iste
190 2675 272 2733 vobis
285 2671 448 2738 nunciaret,
465 2667 548 2726 nulla
556 2665 604 2724 rel
617 2664 738 2723 minim
750 2663 784 2721 lit
797 2663 915 2721 mentio.
954 2662 1059 2743 Neque
1073 2666 1128 2728 hoc
1142 2670 1217 2733 sorte

120 2770 240 2829 fanone
251 2767 293 2826 ita
302 2765 413 2824 lactum
421 2759 537 2831 estred
546 2776 670 2838 quarum
677 2774 774 2816 rernm
783 2755 865 2814 robis
875 2774 970 2845 poenes
980 2750 1130 2819 sumen'dse
1139 2776 1223 2825 erant

121 2863 161 2921 ab
168 2858 297 2936 istis,qui
305 2855 375 2915 nihil
383 2853 518 2913 fecerent
530 2861 581 2911 ant
593 2849 831 2909 administrarent
840 2864 940 2907 eorum
950 2866 1016 2926 qnos
1025 2862 1216 2915 senatuscon-
1318 2890 1324 2905 .

121 2952 200 3013 solto
216 2948 382 3029 jusseratis,
396 2962 496 3004 carum
509 2942 560 3003 ille
572 2941 691 3020 eulparn
712 2940 744 2999 in
765 2958 798 2999 se
820 2940 967 3013 transfert,
980 2960 1070 3022 seque
1083 2944 1114 3003 in
1127 2964 1219 3008 ceusu

120 3046 215 3107 luisse
227 3042 363 3111 affirmat,
375 3056 461 3116 quern
475 3054 528 3094 ros
553 3036 656 3113 punire
676 3033 787 3093 seilicet
804 3051 863 3091 non
876 3035 1020 3111 possetis:
1042 3056 1108 3115 qu„
1121 3050 1220 3100 antem
1251 3030 1257 3041 .

119 3138 174 3199 ille
185 3132 289 3193 frande
300 3132 441 3199 obtinere,
456 3137 487 3186 et
508 3126 660 3206 preripere
673 3124 783 3183 civitati
798 3124 900 3195 voluit.
912 3144 950 3184 ea
962 3126 1015 3185 iste
1029 3132 1218 3205 renunciavit,

122 3235 161 3285 ιιι
172 3240 269 3300 neque
281 3238 433 3289 accusare,
446 3226 544 3293 neque
557 3224 663 3294 postea
675 3216 757 3293 queri
767 3214 923 3294 quicquam
941 3216 978 3275 de
1003 3216 1137 3298 Philippo
1149 3240 1218 3299 90⁸⁹

123 3318 207 3385 setis,
218 3333 286 3373 oum
300 3332 337 3371 ea
359 3328 416 3387 nep
433 3310 464 3367 in
485 3308 576 3366 literis
590 3308 677 3377 illius,
690 3326 747 3367 neo
760 3306 938 3367 orationihus
951 3326 1074 3385 usquam
1088 3314 1218 3373 contine·-

123 3418 234 3469 rentur.
246 3405 311 3483 Ago
325 3403 415 3461 recita
427 3402 509 3478 ipsas.
519 3399 628 3471 literas,
638 3418 712 3477 quas
728 3408 759 3457 ut
771 3399 827 3457 iste
838 3398 962 3476 scripsit,
975 3400 1017 3458 sic
1026 3399 1077 3460 ille
1086 3402 1174 3475 misit,
1189 3416 1220 3466 et
1347 3462 1350 3473 ,

120 3498 317 3569 considerate,
331 3512 369 3553 an
382 3511 419 3552 eo
429 3491 481 3551 illa
493 3491 582 3551 modo
595 3510 629 3550 se
640 3490 779 3561 habeant,
794 3507 854 3567 quo
868 3508 923 3569 ego
936 3492 1067 3569 exposui.
1081 3493 1195 3555 Recita.

587 3708 759 3771 LlTERAE.

127 3870 254 3943 Auditis,
265 3868 473 3941 Athenienses,
490 3866 599 3940 literas,
608 3883 695 3946 quarn
710 3866 860 3941 praeclara
873 3866 932 3926 sint
944 3877 976 3927 et
985 3868 1131 3927 humanae.
1174 3866 1221 3927 De

6 3982 14 4001 ⁸
126 3964 274 4024 Thebanis
291 3972 389 4021 autem
412 3970 444 4020 et
465 3960 676 4037 Phocensihus‚
693 3968 746 4018 ιιιιι
755 3959 829 4032 ιιιιι,
843 3957 880 4019 de
894 3960 1000 4037 quibus
1013 3960 1061 4018 ille
1076 3958 1153 4037 apud
1168 3978 1220 4019 sos

126 4055 317 4123 renunciavit,
331 4072 369 4112 ne
378 4052 524 4112 tantillum
538 4052 665 4130 quidem.

169 4150 217 4205 14.
239 4147 275 4204 ln
287 4145 322 4204 iis
335 4143 506 4223 igituruihil
519 4163 645 4223 prorsus
657 4141 733 4221 sequi
753 4152 785 4202 et
801 4143 872 4201 honi
885 4139 1059 4211 οοιιιιιιοιιιι,
1074 4138 1160 4221 idque
1168 4161 1221 4204 sos
1277 4210 1281 4217 ,
1350 4154 1354 4163 “

126 4239 180 4317 ipsi
192 4238 290 4297 statim
303 4236 496 4316 perspicietis.
512 4235 589 4295 Nam
603 4245 634 4294 et
643 4234 781 4307 Menses,
795 4251 918 4311 quornm
932 4230 1139 4291 reconciliandi
1155 4254 1222 4314 gra·
1257 4306 1260 4317 Α

127 4330 170 4389 tia
182 4350 215 4389 se
226 4333 299 4390 istos
309 4328 470 4389 detinuisse
482 4328 565 4400 dicit,
579 4348 643 4387 eam
658 4325 894 4387 conciliationem
907 4322 1019 4403 experti
1033 4336 1110 4401 sont,
1124 4336 1157 4387 ut
1170 4347 1223 4388 ex·

127 4433 223 4483 torres
243 4423 306 4484 sint
323 4422 404 4498 acri,
418 4430 450 4482 et
463 4423 537 4483 urbs
553 4438 652 4482 eorum
668 4420 708 4480 sit
725 4436 846 4487 eserse;
868 4416 999 4496 captivos
1014 4432 1121 4498 antem,
1135 4422 1160 4484 is
1174 4423 1224 4501 qui
1338 4490 1345 4501 ,
