2934 5000
254 341 313 398 sss
363 369 374 381 ·
654 315 930 395 suessionum
957 285 1016 380 ιζ·
1131 323 1136 330 ·

254 492 347 572 duplo
360 501 426 550 eum
440 487 537 549 dicere
551 484 688 565 pauciora
698 481 857 552 constabit,
870 487 901 539 et
913 496 948 537 en
968 493 1015 534 rna
1028 473 1136 534 habere
1150 467 1242 528 nihilo
1261 463 1368 544 magis

254 583 399 663 probabit.
441 582 507 659 Ego
519 580 597 638 enim
618 571 869 655 quemadmodum
882 570 970 634 istum
979 559 1045 650 'tum
1057 564 1166 622 habere
1176 551 1278 618 'multa
1289 574 1365 638 pro-

256 675 334 746 bari,
344 672 775 750 sicillorumetiam'utrumque
789 683 847 723 non
859 661 1000 741 pauciora
1010 657 1058 717 liis
1072 656 1180 740 habere
1190 648 1366 711 ostendam.

257 769 357 832 Quare
367 775 427 824 non
439 764 496 822 bric
510 763 537 822 ei
546 759 710 821 dicendum
724 765 780 833 est,
794 754 904 816 sedvel
918 745 961 823 is,
973 749 1018 812 vel
1029 755 1199 810 contutorea
1212 738 1367 800 meamilsi

258 855 430 925 restituisse.
459 852 523 911 'Sin
549 852 607 910 hoc
628 868 688 908 non
710 844 883 915 ostenderit,
905 842 1035 903 debetne
1053 840 1112 898 ista
1132 830 1259 914 sponsio
1280 827 1365 908 apud

198 954 204 968 '
258 965 309 1006 vos
319 947 425 1006 babere
438 944 549 1012 locum,
563 955 654 1020 quum
663 959 715 998 rme
731 937 822 997 nihilo
833 936 901 1016 p'lus
911 933 1019 994 habere
1033 947 1099 990 mea
1112 923 1240 1008 probetl

192 1093 197 1098 .
300 1045 348 1101 13.
371 1038 476 1098 Multis
486 1049 586 1096 autem
596 1034 676 1113 apud
686 1025 1072 1114 arbitrumldubitationibus
1085 1041 1152 1082 cum
1168 1025 1311 1077 aestuaret
1325 1013 1366 1072 de
1392 1005 1398 1012 ’

259 1133 341 1192 hisce
354 1130 499 1213 omnibus,
516 1137 547 1188 et
559 1129 590 1187 in
608 1123 742 1204 singulis,
757 1122 834 1182 sicut
853 1137 933 1180 nime
951 1115 1031 1196 apud
1050 1110 1367 1185 ronconuiueeretur,

261 1224 377 1286 mentiri
391 1220 640 1283 confidentissime
658 1235 749 1278 ausus
761 1223 820 1287 est,
835 1223 960 1292 quatuor
975 1209 1087 1269 talenta
1099 1205 1169 1265 mibi
1181 1212 1297 1281 patrem
1311 1195 1368 1254 de-

259 1319 342 1379 fossa
351 1316 501 1395 reliquisse
510 1331 603 1392 eaque
613 1310 713 1370 matris
723 1299 875 1369 arbitratui
890 1304 1066 1385 pernusisse.
1090 1298 1129 1358 ld
1142 1291 1308 1369 resedissit,
1322 1299 1368 1355 uis

263 1411 288 1470 si
308 1409 413 1470 eadem
424 1427 457 1466 sa
471 1407 560 1468 etism
578 1423 658 1464 nune
677 1395 823 1461 dicturum
843 1407 1056 1477 exspectarem,
1069 1411 1106 1452 ea
1124 1385 1275 1449 calumnia
1288 1382 1370 1440 refu·
1465 1467 1466 1470 Ἴ

263 1501 361 1563 tanda·
379 1517 489 1559 moram
513 1497 651 1566 facerem,
665 1513 757 1573 quum
778 1489 907 1572 postulet
928 1486 1088 1547 necessitas
1102 1491 1135 1541 ut
1155 1481 1192 1540 de
1215 1475 1282 1538 aliis
1300 1492 1371 1533 eum

264 1594 352 1666 rebus
365 1609 502 1650 accusem
517 1588 596 1667 apud
604 1607 666 1659 ros,
677 1585 721 1646 sin
732 1595 873 1662 tanquam
884 1600 944 1640 nou
955 1577 1082 1638 dicenda
1089 1561 1279 1655 praeterirem,
1288 1585 1372 1625 nune
1397 1609 1401 1616 .

264 1703 301 1745 aa
317 1685 382 1763 ipse
390 1684 663 1758 'commemorarett
685 1689 719 1736 ut
732 1696 789 1755 ego
812 1674 893 1734 dives
911 1691 978 1733 esse
993 1668 1134 1738 creditus,
1147 1664 1245 1724 minus
1264 1677 1319 1718 vos
1333 1656 1372 1717 ad

265 1774 494 1836 misericordiam
516 1788 739 1832 commoverem.
782 1769 882 1844 Atque
902 1766 926 1823 is
946 1763 997 1841 qni
1015 1761 1073 1820 hoc
1092 1757 1148 1818 sibi
1163 1750 1372 1814 affirmandum
1465 1797 1466 1810 .

267 1886 335 1927 esse
356 1861 616 1937 duxerat,nullum
631 1859 831 1938 testimonium
843 1854 1020 1935 proferebat,
1035 1851 1088 1910 sed
1106 1847 1194 1907 nudie
1206 1845 1271 1904 suin
1283 1841 1375 1900 tidem

267 1956 370 2016 baberi
393 1951 574 2032 postulabat.
615 1947 715 2017 Quod,
736 1948 761 2004 si
783 1945 848 2024 quis
862 1963 930 2004 eum
949 1944 1119 2018 interroget,
1132 1955 1223 2015 quern
1238 1936 1271 1994 in
1285 1949 1374 1990 usum
1451 2001 1466 2030 ¹⁴

172 2120 176 2129 Ι
269 2039 383 2106 antam
397 2060 492 2102 meam
504 2038 660 2118 pecuniam
674 2033 867 2115 expanderit?
892 2035 942 2092 AEs
954 2031 1081 2092 alienum
1091 2046 1144 2106 pro
1158 2044 1207 2108 ma
1220 2045 1254 2084 se
1267 2019 1375 2082 dissol-
1465 2037 1466 2058 ι

268 2137 345 2198 sisae
357 2131 408 2206 ait,
422 2143 512 2210 atque
520 2131 561 2189 ibi
573 2149 621 2188 ma
635 2129 732 2188 lacere
742 2145 900 2208 pauperem
911 2133 1052 2186 conatur:
1073 2138 1173 2180 rursus
1189 2116 1240 2177 ubi
1258 2115 1376 2175 libiam

269 2237 326 2300 est,
339 2227 471 2305 diuitem,
481 2223 507 2282 si
521 2221 578 2280 diis
597 2219 704 2299 placet,
719 2228 752 2277 ut
769 2217 816 2278 cui
837 2226 919 2296 pater
931 2208 1047 2275 tautum
1060 2209 1195 2291 pecuuir‘e
1212 2207 1295 2268 domui
1308 2206 1377 2266 reli·

268 2318 375 2400 querit.
417 2319 461 2376 At
481 2334 548 2375 sero
563 2322 623 2372 non
635 2331 723 2392 posse
738 2311 798 2372 fieri
818 2320 851 2369 ut
865 2311 922 2369 iste
936 2325 1005 2368 rere
1020 2306 1084 2364 hoec
1104 2303 1195 2372 dicat,
1209 2302 1302 2360 immo
1316 2321 1377 2362 uon

269 2412 332 2473 tieri
355 2409 486 2492 potuisse
501 2417 535 2466 ut
554 2405 710 2483 quicquam
724 2406 848 2464 istorum
862 2403 953 2484 lieret,
969 2396 1068 2458 multis
1082 2393 1265 2474 argumentis
1289 2393 1378 2453 facile

272 2503 459 2581 intelligitur.
1036 2484 1042 2503 ⁶

175 2677 182 2687 ¹
315 2597 362 2681 14.
374 2595 452 2655 Nam
462 2594 487 2653 si
497 2602 579 2673 pater
588 2610 669 2651 meus
678 2590 741 2651 istis
751 2588 863 2649 diffisus
872 2587 984 2659 luisset,
994 2584 1312 2665 perspicuumesteum
1322 2595 1378 2637 nec

176 2692 182 2705 “
272 2684 387 2767 reliquia
395 2687 440 2747 eis
446 2686 540 2745 fuisse
553 2683 787 2755 commissurum,
800 2700 855 2741 nec
870 2680 895 2739 si
909 2680 951 2739 sic
967 2679 1024 2738 ists
1038 2673 1204 2753 reliquisset
1215 2669 1248 2730 id
1259 2670 1320 2729 illis
1333 2668 1378 2727 iu-

271 2780 460 2865 dicaturums'
469 2787 551 2837 esset
563 2776 639 2859 enim
652 2774 779 2853 ingentis
792 2772 915 2833 insanin
926 2770 1045 2831 occultu
1058 2767 1186 2826 indicare
1199 2762 1258 2822 illis
1272 2761 1379 2841 qndsus

147 2874 151 2881 ’
252 2892 329 2939 ¹uec
342 2870 500 2930 manifesta
512 2865 677 2926 crediturus
691 2876 788 2925 esset:
808 2865 853 2925 sin
867 2863 924 2923 illis
937 2861 1025 2921 tidem
1036 2855 1262 2928 habebathaud
1276 2854 1379 2931 utique
1460 2872 1466 2895 ι

273 2962 431 3020 maximam
444 2956 611 3014 divitiarum
626 2966 738 3031 partem
749 2956 806 3016 illis
819 2957 848 3015 in
857 2974 958 3015 manus
967 2950 1148 3021 tradidisset,
1158 2948 1223 3007 baso
1232 2964 1305 3005 reso
1314 2944 1380 3003 illo-

256 3126 262 3137 .
275 3070 338 3111 rum
353 3046 494 3127 potestati
508 3062 569 3102 nou
578 3046 783 3127 oommisisset.
805 3046 910 3120 Neque
924 3043 1009 3101 rnatri
1023 3026 1097 3101 mese
1109 3041 1175 3097 brec
1185 3035 1381 3096 custodienda

143 3135 147 3143 ⁴
274 3132 417 3211 dedisset,
437 3147 604 3214 atqueeam
617 3134 709 3214 ipsam
728 3134 779 3193 uni
799 3154 817 3193 e
837 3132 982 3193 tutoribus
996 3129 1179 3194 matrimonio
1192 3122 1379 3206 copulasset:
1465 3138 1466 3169 ι

274 3214 1382 3305 necenimcousentsueumeat,pecuniampermeammatremvellaeonser·

275 3336 384 3396 satam,
392 3332 485 3404 'atque
496 3314 587 3381 unum
600 3338 639 3377 ex
649 3318 695 3377 his
704 3319 753 3377 cni
766 3318 854 3376 fidem
865 3335 925 3375 non
935 3316 1058 3376 haberet
1070 3326 1134 3374 tum
1147 3312 1239 3393 ipsius
1253 3322 1317 3371 tum
1329 3332 1381 3390 pe-

274 3418 373 3479 cunia
382 3409 736 3495 dominumcenstituese.
779 3408 906 3477 Deinde,
923 3407 1027 3487 siquid
1040 3407 1255 3467 horumverum
1267 3404 1382 3476 inirem,
1465 3398 1466 3417 ¹

278 3498 348 3569 num
366 3507 477 3585 putatis
497 3525 566 3565 eum
581 3503 661 3589 illa'tu
683 3511 801 3579 epatre
820 3501 920 3561 datam
944 3518 1001 3559 non
1022 3508 1221 3577 accepturum,
1236 3495 1298 3575 qui,
1311 3496 1382 3557 dote
1465 3550 1466 3555 ,

248 3614 252 3622 ’
277 3596 430 3675 octoginta
448 3596 534 3655 minis
553 3597 615 3675 jam
633 3592 775 3672 acceptis,
789 3601 930 3669 tauquam¹
951 3608 1017 3651 eam
1039 3588 1193 3660 ducturus,
1215 3586 1383 3647 Philonide
1465 3638 1466 3653 ,

278 3685 442 3773 Melitensis
465 3683 553 3744 filiam
581 3683 702 3743 duxitl·
722 3684 804 3761 quod
826 3682 849 3741 si
881 3681 993 3741 talenta
1021 3690 1146 3763 quatior
1174 3680 1252 3738 iutra
1276 3664 1383 3739 dome·

276 3784 367 3845 eticae
381 3777 506 3859 parietes
522 3775 657 3848 fuissent,
671 3795 749 3854 quae,
769 3786 803 3834 ut
824 3775 888 3853 ipse
910 3775 1023 3845 asserit,
1037 3772 1103 3833 haec
1122 3774 1154 3831 in
1166 3769 1315 3852 potestate
1328 3772 1384 3831 ha·

278 3876 371 3945 beret,
384 3882 424 3931 an
436 3888 496 3929 nou
510 3886 578 3926 eum
592 3866 682 3927 luisse
696 3885 887 3927 accursurum
902 3866 1031 3937 creditis,
1045 3875 1079 3924 ut
1091 3864 1148 3923 illis
1162 3882 1301 3923 unacum
1317 3864 1385 3942 ipsa

279 3962 438 4046 potiretur?
459 3960 518 4028 uui
542 3959 621 4019 enim
641 3958 811 4043 manifestas
834 3977 951 4037 quoque
964 3976 1047 4037 opes,
1067 3966 1280 4036 qnasrestrum
1293 3956 1383 4015 etiam

280 4056 411 4143 plerique
423 4054 542 4114 relictas
560 4070 627 4111 esse
640 4050 749 4109 conscii
769 4048 898 4121 luerunt,
912 4067 980 4108 cum
994 4048 1194 4109 contutoribus
1203 4038 1285 4107 'adeo
1297 4047 1384 4125 flagi-

281 4147 358 4208 uose
370 4145 490 4226 diripuit
506 4146 552 4220 ns,
567 4158 635 4226 qua
648 4131 858 4231 eiaterensem
882 4160 916 4201 sc
939 4138 1136 4200 resumemus
1154 4122 1283 4200 vestrum
1302 4139 1389 4219 nge

280 4250 357 4308 rent,
370 4257 436 4298 cum
451 4239 577 4317 arripere
587 4237 688 4297 liceret
701 4232 907 4294 abstinuisset?
936 4234 1100 4301 Quis-vero
1112 4232 1235 4293 credati
1255 4231 1326 4291 Non
1343 4229 1386 4293 ita

281 4340 338 4401 est,
350 4330 483 4400 ludices,
499 4331 614 4391 nonita
630 4339 686 4389 est.
729 4316 802 4397 Sed,
821 4324 1107 4405 quioquid'pecunias
1117 4310 1234 4404 reliquit
1245 4334 1340 4404 pater,
1352 4324 1385 4384 id

275 4417 344 4479 istis
353 4418 440 4480 dedit
456 4421 639 4483 universum:
656 4420 714 4480 iste
728 4436 798 4479 sero
817 4426 1016 4479 commentum
1035 4417 1093 4478 boc
1111 4416 1221 4479 idcirco
1235 4418 1330 4489 linxit,
1348 4426 1383 4476 ut
