2934 5000
256 316 313 374 ιιι
621 312 792 403 cosam
814 308 986 375 ιιιιιιιιι.
1090 296 1094 305 “

216 454 221 469 '
255 469 295 527 ad
312 486 366 527 nos
385 469 556 547 legionarios
574 470 801 549 perimebantur.
843 468 913 529 Nec
920 469 998 528 enim
1012 466 1052 527 ad
1065 462 1194 525 eundem
1209 480 1288 521 cum
1291 463 1365 521 istis

256 559 353 619 locum
368 559 561 637 pervenimus.
602 560 684 619 ltu'
662 580 686 618 ιι
699 570 729 619 te
741 569 861 639 propter
874 560 940 618 haec
957 557 1058 617 derisit
1071 554 1221 622 Archetio‚
1235 548 1291 611 aut
1300 552 1364 611 ali·

256 652 425 734 quisalius,
441 670 541 711 omnes
559 651 696 729 agitasti?
739 652 816 709 Nam
838 651 864 711 si
883 651 934 710 illa
954 650 1059 720 iecisti,
1074 647 1178 718 Midia,
1190 665 1259 723 quae
1272 644 1310 704 de
1324 654 1365 703 ιο

256 746 326 804 socii
340 745 453 822 equites
463 744 625 823 jactabant,
637 754 668 802 et
680 754 712 801 tu
724 742 762 801 de
773 752 802 801 te
816 742 873 801 dici
887 741 1029 819 quereris,
1035 740 1101 819 jure
1110 738 1193 796 male
1202 736 1381 815 audiebant·

257 835 373 915 Etenim
390 846 419 895 et
431 835 508 908 illos,
528 836 637 909 ethos,
650 844 682 894 et
693 844 788 893 totam
795 834 943 892 civitatem
950 832 1062 911 injuriis
1075 841 1106 889 et
1117 828 1232 909 probris
1244 826 1361 887 afficie-

255 927 319 985 bas.
363 926 414 985 Sin
426 938 455 985 te
469 926 527 986 tale
540 926 610 985 nihil
623 923 829 1002 designantem
841 922 962 1000 quidam
974 922 1168 990 confixerunt,
1181 918 1219 977 de
1229 928 1259 976 te
1271 937 1361 977 men·

256 1018 374 1089 tientes,
388 1017 548 1095 reliquique
558 1008 663 1076 milites
674 1016 739 1075 illos
751 1032 810 1073 non
824 1009 1095 1093 objurgabantsed
1108 1022 1161 1069 tua
1170 1008 1290 1069 infamia
1301 1008 1359 1067 lte·

255 1112 402 1179 tabantur,
416 1111 603 1188 perspicuum
623 1118 678 1181 est,
691 1119 722 1166 te
735 1107 830 1165 visum
852 1122 918 1164 esse
943 1114 1062 1183 propter
1082 1102 1201 1179 reliquae
1213 1110 1273 1158 tue
1285 1100 1359 1159 viro

256 1202 448 1282 petulantiam
469 1200 540 1260 talia
563 1199 718 1259 maledicta
742 1196 956 1263 commeruisse.
1006 1196 1106 1275 MaJ'us
1133 1193 1221 1272 igitur
1246 1191 1359 1253 habere

257 1293 410 1353 modestiae
425 1292 552 1351 studium
561 1302 590 1351 te
605 1292 766 1361 decuisset,
780 1307 839 1346 nou
854 1288 920 1347 illos
933 1285 1114 1346 calumniari.
1154 1285 1201 1343 Τιι
1215 1302 1287 1342 vero
1300 1282 1359 1341 mi·

257 1386 358 1445 niteris
379 1386 523 1453 omnibus,
545 1384 678 1461 exagites
699 1400 822 1446 omnes:
844 1378 975 1457 postulas
998 1389 1031 1437 ut
1050 1376 1110 1450 alii,
1122 1376 1193 1454 quid
1215 1386 1249 1433 tu
1268 1374 1356 1442 velis,

256 1477 452 1551 considerent,
463 1477 535 1555 ipre,
544 1474 615 1553 quid
629 1474 691 1532 sine
701 1472 840 1533 molestiis
854 1471 976 1529 aliorum
988 1471 1084 1529 facere
1095 1468 1199 1549 possis,
1210 1479 1273 1526 nou'
1282 1486 1356 1526 con·

257 1570 379 1629 sideras.
419 1570 488 1628 Jam
502 1567 580 1646 quod
601 1566 836 1644 indignissimum
850 1573 897 1622 est
916 1574 947 1622 at
967 1563 1125 1622 maximiani
1145 1579 1212 1620 meo
1235 1560 1357 1638 quidam

253 1662 364 1739 J'udicio
378 1654 549 1740 petulantie
563 1660 698 1739 signum:
721 1668 767 1718 tot
778 1655 921 1726 homines,
942 1655 1086 1714 nefarium
1104 1662 1205 1731 caput,
1218 1663 1253 1711 ιι
1266 1652 1356 1711 ιιιιιι

212 1746 220 1753 “
256 1754 287 1811 in
301 1754 442 1831 concione
456 1754 634 1811 accusabas!
655 1748 735 1827 quod
749 1748 902 1825 quisalius
915 1745 1172 1807 non'horruissetl

299 1847 347 1902 39.
368 1844 435 1901 lam
452 1842 555 1901 ceteris
574 1840 742 1899 hominibus
763 1842 793 1897 iu
811 1837 955 1917 judicium
965 1838 1110 1909 adductis,
1121 1838 1249 1916 judices,
1262 1856 1356 1896 unum

255 1945 345 2012 atque
368 1934 490 1991 alterum
513 1934 622 1991 crimen
642 1930 731 2009 objici
754 1930 858 1999 ride03
878 1942 967 2007 atque
987 1930 1045 1989 illis
1058 1930 1133 1989 tales
1147 1929 1354 1989 excusationes

257 2024 374 2086 abunde
389 2034 559 2102 suppetere:
581 2023 677 2089 Quis
697 2031 872 2080 vestrum
900 2022 988 2080 talis
1015 2040 1126 2080 noxae
1153 2021 1241 2078 mihi
1268 2038 1353 2081 cou-

258 2118 360 2179 scius
382 2114 458 2176 esti
500 2116 591 2185 Quis
612 2107 773 2175 vestrum
794 2113 888 2174 talia
907 2134 960 2172 me
981 2114 1103 2173 facere
1123 2112 1237 2173 viditl
1272 2112 1353 2172 Non

255 2210 306 2271 ita
328 2209 546 2271 est-Sed
539 2228 574 2269 ιι
609 2228 665 2269 me
697 2208 762 2281 isti
796 2226 846 2280 ιιι
871 2207 1075 2277 inimicitiis
1109 2206 1351 2266 mentiuntur.

258 2304 377 2363 Falsis
398 2300 634 2393 testimoniis
650 2320 854 2389 oppugnor.
889 2300 960 2377 Ejus
981 2300 1096 2407 generis
1117 2300 1184 2359 alia.
1218 2298 1271 2358 Isti
1283 2318 1353 2359 vero

211 2448 214 2453 .
255 2396 400 2456 contrario
414 2394 502 2459 ruodo
523 2414 569 2454 res
592 2412 658 2455 sese
677 2394 797 2453 habent
837 2392 900 2451 Vos
914 2410 1016 2452 omnes
1036 2392 1113 2450 enim
1134 2391 1210 2452 scire
1230 2390 1353 2451 arbitror

256 2505 352 2548 mores
366 2488 427 2568 ejus
441 2499 471 2547 et
483 2486 685 2566 petulantiam,
697 2484 824 2563 vitaque
837 2484 1033 2555 insolentiam,-
1046 2494 1077 2543 et
1093 2483 1265 2562 jamdudum
1287 2482 1351 2562 ple-

254 2599 361 2656 rosque
375 2579 471 2638 mirari
485 2578 630 2647 existimo,
643 2595 696 2659 cur
708 2575 854 2653 quaedam,
865 2593 932 2652 quae
944 2574 1008 2653 ¹ipsi
1031 2585 1147 2644 norunt,
1162 2593 1242 2634 nunc
1255 2592 1292 2632 ex
1301 2593 1351 2633 ma

256 2689 316 2730 ιιοιι
330 2669 481 2728 audierint.
523 2667 636 2726 Multos
649 2667 738 2725 etiam
759 2666 869 2739 injuriis
889 2675 1036 2738 oneratos,
1050 2685 1105 2724 nec
1117 2685 1172 2744 pro
1184 2667 1351 2727 testimonio

193 2757 199 2776 ‘
255 2761 351 2820 dicere
365 2760 441 2818 velle
451 2759 549 2818 omnia
560 2759 656 2829 rideo,
669 2775 735 2835 quae
749 2759 786 2815 ab
799 2758 854 2816 isto
868 2749 935 2815 suot
947 2758 1087 2836 perpessi,
1100 2777 1169 2816 cum
1182 2757 1350 2819 violentiam

205 2833 224 2862 ⁸'
254 2851 340 2911 istius
361 2861 394 2938 et
416 2850 663 2929 importunitatem
687 2857 830 2920 metuant,
856 2827 945 2928 atque
967 2868 1047 2928 opes,
1060 2869 1127 2928 quaa
1148 2859 1298 2928 potentem
1320 2860 1350 2911 et

254 2941 445 3003 metuendum
465 2939 606 3004 nefarium
625 2933 711 2997 istum
727 2939 865 2999 efficiunt.
900 2939 975 3001 Nem
988 2939 1065 3018 quod
1085 2941 1260 3001 auctoritate
1279 2941 1349 3001 dlvi·

255 3035 358 3112 tiiaque
382 3029 496 3111 pollens
513 3029 663 3110 improbus
678 3039 731 3102 est,
745 3041 777 3089 et
790 3031 938 3109 petulans,
950 3051 987 3090 eo
999 3033 1084 3111 quasi
1098 3034 1349 3114 propugnaculum

234 3176 236 3180 ,
253 3119 402 3206 quoddam
417 3124 507 3182 habet
519 3117 748 3184 contm'subitos
761 3123 900 3183 vindictae
913 3121 1050 3184 insultus.
1093 3126 1153 3184 Sed
1166 3127 1191 3184 si
1203 3127 1231 3184 ei
1245 3145 1294 3186 res
1304 3127 1349 3186 ιι·

255 3218 374 3277 milleris
387 3215 541 3285 adimatur,
556 3215 680 3274 fortasse
703 3214 754 3274 tiet
768 3216 797 3273 ιιι
815 3226 962 3294 posterum
975 3217 1144 3277 modestior.
1184 3217 1349 3297 Posteaque

256 3311 375 3370 minoris
388 3306 539 3389 putabitur
551 3325 639 3386 quem
651 3307 779 3365 omnium
794 3307 929 3369 mittimus
943 3308 1020 3387 apud
1033 3327 1096 3369 vos.
1139 3308 1260 3369 Frustra
1272 3311 1348 3372 etim

254 3402 462 3490 conviciabitur
475 3411 505 3460 et
518 3397 687 3460 clamitabit.
730 3398 840 3477 Siquid
854 3397 1127 3472 admiserit,=eadem
1142 3421 1203 3481 qua
1215 3396 1353 3462 nosuom‘

255 3491 360 3568 aliquis
383 3511 469 3570 poena
492 3492 641 3551 afficietur.
683 3491 932 3570 Nuncpraesidiis
950 3511 1017 3551 eum
1036 3493 1089 3554 niti
1109 3495 1241 3556 ridemus
1260 3496 1349 3575 Poly·

224 3657 227 3666 y
255 3585 344 3652 eucti,
361 3583 543 3654 Timocratis,
558 3583 757 3656 Euctemonis,
770 3583 1085 3662 nequissimihominis.
1106 3587 1194 3647 Tales
1203 3589 1347 3666 quosdam
1381 3626 1384 3634 ·

253 3674 394 3736 satellites
409 3693 509 3734 secum
522 3675 619 3733 lrabet.
663 3675 702 3733 Et
724 3685 830 3754 praeter
849 3675 915 3748 hos,
930 3675 1014 3747 alios,
1027 3679 1146 3737 testim
1159 3681 1348 3741 constitutam

255 3767 451 3835 sodalitatem,
477 3773 574 3842 aperte
597 3763 713 3843 quidem
741 3783 801 3824 nou
825 3762 1042 3826 adversantium
1065 3770 1160 3843 robis,
1183 3771 1237 3831 sed
1260 3775 1348 3834 tacita

254 3861 410 3924 mendacia
439 3857 574 3918 facillime
601 3849 681 3917 ιιιιιιιΙ
702 3849 965 3937 comprobantium.
972 3898 976 3906 ι
1014 3863 1098 3927 Quos
1124 3863 1237 3925 medius
1261 3864 1349 3926 uuae

254 3956 325 4016 nihil
338 3956 376 4013 ab
390 3952 448 4011 isto
465 3947 650 4009 emolumenti
664 3965 769 4027 capere
780 3960 864 4029 puto.
906 3951 995 4014 Sed
987 3970 1017 4011 ιι
1024 3952 1093 4013 hoc
1107 3955 1229 4014 artificio
1239 3957 1348 4018 ιιιιιιι-

252 4045 386 4108 tutissimi
400 4051 478 4112 ιιιιιι,
499 4039 705 4108 Athenienses,
732 4051 765 4108 ut
786 4059 854 4101 cum
865 4041 1016 4106 divitibus
1036 4061 1070 4104 sa
1097 4043 1348 4126 conjungantbis

252 4137 358 4209 adsint,
370 4134 568 4196 testimonium
581 4132 709 4194 dicant.
733 4130 809 4190 Sunt
817 4141 921 4192 autem
943 4135 1003 4196 ιιιι
1015 4138 1133 4231 omnia,
1139 4139 1256 4218 opinor,
1265 4140 1346 4201 terri·

212 4269 231 4298 ,1
252 4229 321 4289 bilia
332 4227 437 4288 ceteris
450 4227 544 4298 vobis,
557 4243 610 4306 par
625 4243 690 4308 sese
709 4241 810 4282 rerum
826 4241 954 4298 suarum,
968 4229 1137 4307 utquisque
1148 4240 1259 4308 potest,
1269 4241 1347 4293 sata·

144 4318 147 4329 '
198 4325 209 4354 ι
251 4320 399 4398 gentibus.
441 4319 605 4385 Quaetiam
621 4315 659 4376 de
677 4333 769 4376 causa
784 4312 842 4377 vor
850 4318 1031 4380 convenitisr
1052 4322 1205 4426 atquibus
1218 4324 1347 4402 singula·

250 4410 302 4470 tim
330 4409 560 4486 uuusquisque
552 4417 678 4470 vestrum
698 4418 747 4470 ιιι
760 4403 906 4485 interior,
922 4412 983 4514 sive
1009 4411 1132 4487 amicis,
1128 4414 1206 4475 'sire
1232 4416 1347 4497 opibus,
