<?xml version="1.0" encoding="UTF-8"?>
<!DOCTYPE html PUBLIC "-//W3C//DTD XHTML 1.0 Transitional//EN"
    "http://www.w3.org/TR/xhtml1/DTD/xhtml1-transitional.dtd">
<html xmlns="http://www.w3.org/1999/xhtml" xml:lang="en" lang="en">
 <head>
  <title>
</title>
<meta http-equiv="Content-Type" content="text/html;charset=utf-8" />
  <meta name='ocr-system' content='tesseract 3.04.00' />
  <meta name='ocr-capabilities' content='ocr_page ocr_carea ocr_par ocr_line ocrx_word'/>
</head>
<body>
  <div class='ocr_page' id='page_1' title='image "./demosthenisetsc09ulpigoog/demosthenisetsc09ulpigoog_0354.png"; bbox 0 0 2934 5000; ppageno 0'>
   <div class='ocr_carea' id='block_1_1' title="bbox 606 765 1053 856">
    <p class='ocr_par' dir='ltr' id='par_1_1' title="bbox 606 765 1053 856">
     <span class='ocr_line' id='line_1_1' title="bbox 606 765 1053 856; baseline -0.022 1"><span class='ocrx_word' id='word_1_1' title='bbox 606 765 1053 856; x_wconf 74' lang='lat' dir='ltr'><strong>DEMOSTHENIS</strong></span> 
     </span>
    </p>
   </div>
   <div class='ocr_carea' id='block_1_2' title="bbox 451 951 1204 1098">
    <p class='ocr_par' dir='ltr' id='par_1_2' title="bbox 451 951 1204 1098">
     <span class='ocr_line' id='line_1_2' title="bbox 451 951 1204 1098; baseline -0.015 0"><span class='ocrx_word' id='word_1_2' title='bbox 451 951 667 1098; x_wconf 77' lang='lat' dir='ltr'>-cohrlth</span> <span class='ocrx_word' id='word_1_3' title='bbox 700 1013 901 1094; x_wconf 89' lang='lat' dir='ltr'>MIDIAM</span> <span class='ocrx_word' id='word_1_4' title='bbox 934 1011 1004 1092; x_wconf 86' lang='lat' dir='ltr'>DE</span> <span class='ocrx_word' id='word_1_5' title='bbox 1036 1011 1204 1091; x_wconf 75' lang='lat' dir='ltr'>AAAPA</span> 
     </span>
    </p>
   </div>
   <div class='ocr_carea' id='block_1_3' title="bbox 733 1235 932 1304">
    <p class='ocr_par' dir='ltr' id='par_1_3' title="bbox 733 1235 932 1304">
     <span class='ocr_line' id='line_1_3' title="bbox 733 1235 932 1304; baseline -0.02 0"><span class='ocrx_word' id='word_1_6' title='bbox 733 1235 932 1304; x_wconf 82' lang='lat' dir='ltr'>ORATIO.</span> 
     </span>
    </p>
   </div>
   <div class='ocr_carea' id='block_1_4' title="bbox 274 1430 1379 2088">
    <p class='ocr_par' dir='ltr' id='par_1_4' title="bbox 274 1430 1379 2070">
     <span class='ocr_line' id='line_1_4' title="bbox 322 1430 1379 1544; baseline -0.008 -44"><span class='ocrx_word' id='word_1_7' title='bbox 322 1441 349 1502; x_wconf 88' lang='lat'>1.</span> <span class='ocrx_word' id='word_1_8' title='bbox 370 1439 445 1512; x_wconf 78' lang='lat' dir='ltr'>Qun</span> <span class='ocrx_word' id='word_1_9' title='bbox 459 1435 631 1544; x_wconf 73' lang='lat' dir='ltr'><strong>petulantia,</strong></span> <span class='ocrx_word' id='word_1_10' title='bbox 642 1435 769 1515; x_wconf 88' lang='lat' dir='ltr'>judices,</span> <span class='ocrx_word' id='word_1_11' title='bbox 779 1444 812 1494; x_wconf 92' lang='lat' dir='ltr'>et</span> <span class='ocrx_word' id='word_1_12' title='bbox 827 1431 1006 1494; x_wconf 82' lang='lat' dir='ltr'>contumelia</span> <span class='ocrx_word' id='word_1_13' title='bbox 1019 1449 1136 1512; x_wconf 86' lang='lat' dir='ltr'>semper</span> <span class='ocrx_word' id='word_1_14' title='bbox 1148 1430 1180 1490; x_wconf 90' lang='lat' dir='ltr'>in</span> <span class='ocrx_word' id='word_1_15' title='bbox 1192 1447 1297 1492; x_wconf 85' lang='lat' dir='ltr'>omues</span> <span class='ocrx_word' id='word_1_16' title='bbox 1311 1442 1379 1493; x_wconf 81' lang='lat' dir='ltr'>uta·</span> 
     </span>
     <span class='ocr_line' id='line_1_5' title="bbox 277 1523 1379 1607; baseline -0.01 -10"><span class='ocrx_word' id='word_1_17' title='bbox 277 1545 326 1596; x_wconf 88' lang='lat' dir='ltr'>tur</span> <span class='ocrx_word' id='word_1_18' title='bbox 351 1533 470 1607; x_wconf 89' lang='lat' dir='ltr'>Midias,</span> <span class='ocrx_word' id='word_1_19' title='bbox 490 1529 636 1592; x_wconf 88' lang='lat' dir='ltr'>neminem</span> <span class='ocrx_word' id='word_1_20' title='bbox 657 1547 754 1606; x_wconf 88' lang='lat' dir='ltr'>neque</span> <span class='ocrx_word' id='word_1_21' title='bbox 774 1536 914 1598; x_wconf 75' lang='lat' dir='ltr'>vestrm,</span> <span class='ocrx_word' id='word_1_22' title='bbox 936 1543 1032 1604; x_wconf 90' lang='lat' dir='ltr'>neque</span> <span class='ocrx_word' id='word_1_23' title='bbox 1053 1524 1231 1604; x_wconf 88' lang='lat' dir='ltr'>reliquorum</span> <span class='ocrx_word' id='word_1_24' title='bbox 1257 1523 1379 1600; x_wconf 80' lang='lat' dir='ltr'>civium,</span> 
     </span>
     <span class='ocr_line' id='line_1_6' title="bbox 274 1612 1379 1706; baseline -0.011 -17"><span class='ocrx_word' id='word_1_25' title='bbox 274 1626 411 1706; x_wconf 69' lang='lat' dir='ltr'>ignorare</span> <span class='ocrx_word' id='word_1_26' title='bbox 420 1625 553 1686; x_wconf 77' lang='lat' dir='ltr'>arbitror.</span> <span class='ocrx_word' id='word_1_27' title='bbox 574 1621 640 1700; x_wconf 80' lang='lat' dir='ltr'>Ego</span> <span class='ocrx_word' id='word_1_28' title='bbox 650 1638 718 1680; x_wconf 89' lang='lat' dir='ltr'>vero</span> <span class='ocrx_word' id='word_1_29' title='bbox 719 1618 817 1698; x_wconf 91' lang='lat' dir='ltr'>quod</span> <span class='ocrx_word' id='word_1_30' title='bbox 827 1617 1163 1697; x_wconf 85' lang='lat' dir='ltr'>unusqmsquerestrum</span> <span class='ocrx_word' id='word_1_31' title='bbox 1172 1612 1379 1677; x_wconf 85' lang='lat' dir='ltr'>affectuscon·</span> 
     </span>
     <span class='ocr_line' id='line_1_7' title="bbox 276 1705 1378 1791; baseline -0.008 -13"><span class='ocrx_word' id='word_1_32' title='bbox 276 1717 397 1778; x_wconf 81' lang='grc' dir='ltr'><strong>ιιιιιιιιιι</strong></span> <span class='ocrx_word' id='word_1_33' title='bbox 408 1714 578 1776; x_wconf 77' lang='lat' dir='ltr'>faciundum</span> <span class='ocrx_word' id='word_1_34' title='bbox 590 1711 645 1771; x_wconf 87' lang='lat' dir='ltr'>sibi</span> <span class='ocrx_word' id='word_1_35' title='bbox 657 1709 831 1784; x_wconf 77' lang='lat' dir='ltr'>censuisset,</span> <span class='ocrx_word' id='word_1_36' title='bbox 842 1708 874 1770; x_wconf 91' lang='lat' dir='ltr'>id</span> <span class='ocrx_word' id='word_1_37' title='bbox 890 1718 921 1770; x_wconf 89' lang='lat' dir='ltr'>et</span> <span class='ocrx_word' id='word_1_38' title='bbox 935 1708 998 1791; x_wconf 85' lang='lat' dir='ltr'>ipse</span> <span class='ocrx_word' id='word_1_39' title='bbox 1018 1707 1084 1767; x_wconf 86' lang='lat' dir='ltr'>ieci</span> <span class='ocrx_word' id='word_1_40' title='bbox 1114 1708 1159 1767; x_wconf 91' lang='lat' dir='ltr'>Ac</span> <span class='ocrx_word' id='word_1_41' title='bbox 1171 1705 1292 1787; x_wconf 86' lang='lat' dir='ltr'>publice</span> <span class='ocrx_word' id='word_1_42' title='bbox 1305 1726 1378 1769; x_wconf 89' lang='lat' dir='ltr'>con·</span> 
     </span>
     <span class='ocr_line' id='line_1_8' title="bbox 276 1797 1376 1888; baseline -0.01 -20"><span class='ocrx_word' id='word_1_43' title='bbox 276 1817 396 1888; x_wconf 88' lang='lat' dir='ltr'>questus</span> <span class='ocrx_word' id='word_1_44' title='bbox 408 1822 483 1878; x_wconf 85' lang='lat' dir='ltr'>sum,</span> <span class='ocrx_word' id='word_1_45' title='bbox 497 1802 703 1864; x_wconf 84' lang='lat' dir='ltr'>istumviolare</span> <span class='ocrx_word' id='word_1_46' title='bbox 718 1801 867 1871; x_wconf 78' lang='lat' dir='ltr'>festum,¹</span> <span class='ocrx_word' id='word_1_47' title='bbox 846 1820 908 1861; x_wconf 90' lang='lat' dir='ltr'>uon</span> <span class='ocrx_word' id='word_1_48' title='bbox 921 1797 1010 1860; x_wconf 87' lang='lat' dir='ltr'>modo</span> <span class='ocrx_word' id='word_1_49' title='bbox 1023 1798 1151 1878; x_wconf 87' lang='lat' dir='ltr'>acceptis</span> <span class='ocrx_word' id='word_1_50' title='bbox 1163 1800 1201 1858; x_wconf 85' lang='lat' dir='ltr'>ab</span> <span class='ocrx_word' id='word_1_51' title='bbox 1216 1817 1253 1859; x_wconf 88' lang='lat' dir='ltr'>eo</span> <span class='ocrx_word' id='word_1_52' title='bbox 1269 1798 1376 1880; x_wconf 78' lang='lat' dir='ltr'>plagis,</span> 
     </span>
     <span class='ocr_line' id='line_1_9' title="bbox 275 1885 1376 1971; baseline -0.005 -12"><span class='ocrx_word' id='word_1_53' title='bbox 275 1895 522 1967; x_wconf 80' lang='lat' dir='ltr'>Bacchanalibus,</span> <span class='ocrx_word' id='word_1_54' title='bbox 544 1895 597 1953; x_wconf 89' lang='lat' dir='ltr'>sed</span> <span class='ocrx_word' id='word_1_55' title='bbox 621 1903 652 1954; x_wconf 88' lang='lat' dir='ltr'>et</span> <span class='ocrx_word' id='word_1_56' title='bbox 675 1885 745 1952; x_wconf 82' lang='lat' dir='ltr'>alia</span> <span class='ocrx_word' id='word_1_57' title='bbox 755 1891 849 1952; x_wconf 84' lang='lat' dir='ltr'>molta</span> <span class='ocrx_word' id='word_1_58' title='bbox 867 1911 962 1971; x_wconf 88' lang='lat' dir='ltr'>eaque</span> <span class='ocrx_word' id='word_1_59' title='bbox 984 1889 1115 1952; x_wconf 78' lang='lat' dir='ltr'>violenta</span> <span class='ocrx_word' id='word_1_60' title='bbox 1135 1909 1291 1971; x_wconf 88' lang='lat' dir='ltr'>perpessus</span> <span class='ocrx_word' id='word_1_61' title='bbox 1313 1902 1376 1954; x_wconf 86' lang='lat' dir='ltr'>toto</span> 
     </span>
     <span class='ocr_line' id='line_1_10' title="bbox 275 1971 1376 2088; baseline -0.005 -39"><span class='ocrx_word' id='word_1_62' title='bbox 275 1999 406 2070; x_wconf 90' lang='lat' dir='ltr'>tempore</span> <span class='ocrx_word' id='word_1_63' title='bbox 418 1985 577 2046; x_wconf 82' lang='lat' dir='ltr'>mdilitetis.</span> <span class='ocrx_word' id='word_1_64' title='bbox 590 1971 780 2088; x_wconf 75' lang='lat' dir='ltr'>Postquam</span> <span class='ocrx_word' id='word_1_65' title='bbox 793 2002 862 2042; x_wconf 85' lang='lat' dir='ltr'>vero</span> <span class='ocrx_word' id='word_1_66' title='bbox 875 1983 1004 2064; x_wconf 81' lang='lat' dir='ltr'>populas</span> <span class='ocrx_word' id='word_1_67' title='bbox 1018 1983 1182 2056; x_wconf 82' lang='lat' dir='ltr'>universus,</span> <span class='ocrx_word' id='word_1_68' title='bbox 1199 1993 1239 2044; x_wconf 86' lang='grc' dir='ltr'>ιιι</span> <span class='ocrx_word' id='word_1_69' title='bbox 1251 2003 1376 2062; x_wconf 68' lang='lat' dir='ltr'>equum</span> 
     </span>
    </p>
   </div>
   <div class='ocr_carea' id='block_1_5' title="bbox 272 2073 1466 2247">
    <p class='ocr_par' dir='ltr' id='par_1_5' title="bbox 272 2073 1466 2247">
     <span class='ocr_line' id='line_1_11' title="bbox 275 2073 1466 2157; baseline -0.014 -15"><span class='ocrx_word' id='word_1_70' title='bbox 275 2091 307 2142; x_wconf 93' lang='lat' dir='ltr'>et</span> <span class='ocrx_word' id='word_1_71' title='bbox 328 2081 438 2141; x_wconf 86' lang='lat' dir='ltr'>bonum</span> <span class='ocrx_word' id='word_1_72' title='bbox 455 2075 669 2157; x_wconf 87' lang='lat' dir='ltr'>postulabat,</span> <span class='ocrx_word' id='word_1_73' title='bbox 647 2095 690 2136; x_wconf 84' lang='grc' dir='ltr'>ιιι</span> <span class='ocrx_word' id='word_1_74' title='bbox 713 2075 874 2134; x_wconf 80' lang='lat' dir='ltr'>excanduit</span> <span class='ocrx_word' id='word_1_75' title='bbox 894 2084 926 2134; x_wconf 89' lang='lat' dir='ltr'>et</span> <span class='ocrx_word' id='word_1_76' title='bbox 948 2077 1113 2134; x_wconf 84' lang='lat' dir='ltr'>concitatus</span> <span class='ocrx_word' id='word_1_77' title='bbox 1135 2073 1201 2148; x_wconf 82' lang='lat' dir='ltr'>snit,</span> <span class='ocrx_word' id='word_1_78' title='bbox 1222 2085 1374 2156; x_wconf 79' lang='lat' dir='ltr'>mutesque</span> <span class='ocrx_word' id='word_1_79' title='bbox 1463 2114 1466 2125; x_wconf 87' lang='grc'>.</span> 
     </span>
     <span class='ocr_line' id='line_1_12' title="bbox 272 2163 1466 2247; baseline -0.01 -14"><span class='ocrx_word' id='word_1_80' title='bbox 272 2191 352 2236; x_wconf 66' lang='lat' dir='ltr'>curn</span> <span class='ocrx_word' id='word_1_81' title='bbox 365 2170 468 2232; x_wconf 82' lang='lat' dir='ltr'>habuit</span> <span class='ocrx_word' id='word_1_82' title='bbox 478 2189 543 2232; x_wconf 87' lang='lat' dir='ltr'>enm</span> <span class='ocrx_word' id='word_1_83' title='bbox 562 2167 770 2247; x_wconf 86' lang='lat' dir='ltr'>injuriamque</span> <span class='ocrx_word' id='word_1_84' title='bbox 782 2185 829 2226; x_wconf 91' lang='lat' dir='ltr'>me</span> <span class='ocrx_word' id='word_1_85' title='bbox 841 2163 953 2226; x_wconf 78' lang='lat' dir='ltr'><strong>sciebat</strong></span> <span class='ocrx_word' id='word_1_86' title='bbox 963 2165 1101 2226; x_wconf 82' lang='lat' dir='ltr'>affectum</span> <span class='ocrx_word' id='word_1_87' title='bbox 1113 2165 1247 2240; x_wconf 87' lang='lat' dir='ltr'>esse,&#39;ut,</span> <span class='ocrx_word' id='word_1_88' title='bbox 1263 2187 1368 2247; x_wconf 85' lang='lat' dir='ltr'>quam-</span> <span class='ocrx_word' id='word_1_89' title='bbox 1465 2188 1466 2197; x_wconf 32' lang='grc' dir='ltr'>ι</span> 
     </span>
    </p>
   </div>
   <div class='ocr_carea' id='block_1_6' title="bbox 272 2257 1384 2337">
    <p class='ocr_par' dir='ltr' id='par_1_6' title="bbox 272 2257 1384 2337">
     <span class='ocr_line' id='line_1_13' title="bbox 272 2257 1384 2337; baseline -0.002 -15"><span class='ocrx_word' id='word_1_90' title='bbox 272 2261 385 2323; x_wconf 83' lang='lat' dir='ltr'>sisiste</span> <span class='ocrx_word' id='word_1_91' title='bbox 397 2261 543 2322; x_wconf 83' lang='lat' dir='ltr'>nihiloon</span> <span class='ocrx_word' id='word_1_92' title='bbox 562 2260 673 2321; x_wconf 81' lang='lat' dir='ltr'>iaceret</span> <span class='ocrx_word' id='word_1_93' title='bbox 693 2267 725 2318; x_wconf 92' lang='lat' dir='ltr'>et</span> <span class='ocrx_word' id='word_1_94' title='bbox 745 2257 795 2317; x_wconf 81' lang='lat' dir='ltr'>aiii</span> <span class='ocrx_word' id='word_1_95' title='bbox 816 2257 933 2337; x_wconf 84' lang='lat' dir='ltr'>quidam</span> <span class='ocrx_word' id='word_1_96' title='bbox 955 2277 1010 2337; x_wconf 93' lang='lat' dir='ltr'>pro</span> <span class='ocrx_word' id='word_1_97' title='bbox 1031 2276 1067 2317; x_wconf 90' lang='lat' dir='ltr'>eo</span> <span class='ocrx_word' id='word_1_98' title='bbox 1080 2257 1269 2318; x_wconf 83' lang='lat' dir='ltr'>vehementer</span> <span class='ocrx_word' id='word_1_99' title='bbox 1291 2260 1384 2320; x_wconf 71' lang='lat' dir='ltr'>labe&#39;</span> 
     </span>
    </p>
   </div>
   <div class='ocr_carea' id='block_1_7' title="bbox 155 2345 1374 2529">
    <p class='ocr_par' dir='ltr' id='par_1_7' title="bbox 155 2345 1374 2529">
     <span class='ocr_line' id='line_1_14' title="bbox 179 2345 1374 2432; baseline -0.003 -16"><span class='ocrx_word' id='word_1_100' title='bbox 179 2345 187 2356; x_wconf 74' lang='lat'>&#39;</span> <span class='ocrx_word' id='word_1_101' title='bbox 271 2365 379 2426; x_wconf 88' lang='lat' dir='ltr'>rarent,</span> <span class='ocrx_word' id='word_1_102' title='bbox 390 2365 489 2414; x_wconf 85' lang='lat' dir='ltr'>tamen</span> <span class='ocrx_word' id='word_1_103' title='bbox 501 2373 561 2414; x_wconf 89' lang='lat' dir='ltr'>non</span> <span class='ocrx_word' id='word_1_104' title='bbox 574 2350 712 2432; x_wconf 88' lang='lat' dir='ltr'>paruerit,</span> <span class='ocrx_word' id='word_1_105' title='bbox 725 2366 822 2429; x_wconf 89' lang='lat' dir='ltr'>neque</span> <span class='ocrx_word' id='word_1_106' title='bbox 843 2349 966 2409; x_wconf 87' lang='lat' dir='ltr'>istorum</span> <span class='ocrx_word' id='word_1_107' title='bbox 983 2368 1056 2429; x_wconf 90' lang='lat' dir='ltr'>opes</span> <span class='ocrx_word' id='word_1_108' title='bbox 1075 2359 1128 2409; x_wconf 88' lang='lat' dir='ltr'>aut</span> <span class='ocrx_word' id='word_1_109' title='bbox 1147 2349 1374 2429; x_wconf 75' lang='lat' dir='ltr'>pollicitationes</span> 
     </span>
     <span class='ocr_line' id='line_1_15' title="bbox 155 2439 1373 2529; baseline -0.004 -19"><span class='ocrx_word' id='word_1_110' title='bbox 155 2497 166 2521; x_wconf 81' lang='grc'><strong>,</strong></span> <span class='ocrx_word' id='word_1_111' title='bbox 262 2447 441 2529; x_wconf 76' lang='lat' dir='ltr'>respexerit,</span> <span class='ocrx_word' id='word_1_112' title='bbox 456 2441 522 2505; x_wconf 92' lang='lat' dir='ltr'>sed</span> <span class='ocrx_word' id='word_1_113' title='bbox 531 2441 783 2506; x_wconf 82' lang='lat' dir='ltr'>eonsentienhhus</span> <span class='ocrx_word' id='word_1_114' title='bbox 798 2439 943 2523; x_wconf 75' lang='lat' dir='ltr'>suffragiis</span> <span class='ocrx_word' id='word_1_115' title='bbox 958 2459 1026 2502; x_wconf 91' lang='lat' dir='ltr'>eum</span> <span class='ocrx_word' id='word_1_116' title='bbox 1043 2441 1261 2503; x_wconf 85' lang='lat' dir='ltr'>condemnarit.</span> <span class='ocrx_word' id='word_1_117' title='bbox 1282 2443 1373 2505; x_wconf 86' lang='grc' dir='ltr'><strong>ιιιιιιιι</strong></span> 
     </span>
    </p>
   </div>
   <div class='ocr_carea' id='block_1_8' title="bbox 194 2522 1370 4582">
    <p class='ocr_par' dir='ltr' id='par_1_8' title="bbox 265 2522 1370 3167">
     <span class='ocr_line' id='line_1_16' title="bbox 272 2522 1370 2615; baseline -0.006 -13"><span class='ocrx_word' id='word_1_118' title='bbox 272 2540 312 2602; x_wconf 87' lang='grc' dir='ltr'>ιιι</span> <span class='ocrx_word' id='word_1_119' title='bbox 326 2559 373 2601; x_wconf 90' lang='lat' dir='ltr'>me</span> <span class='ocrx_word' id='word_1_120' title='bbox 387 2554 539 2599; x_wconf 84' lang='lat' dir='ltr'>accessere</span> <span class='ocrx_word' id='word_1_121' title='bbox 540 2534 683 2615; x_wconf 91' lang='lat' dir='ltr'>,judices,</span> <span class='ocrx_word' id='word_1_122' title='bbox 697 2544 762 2593; x_wconf 88' lang='lat' dir='ltr'>tum</span> <span class='ocrx_word' id='word_1_123' title='bbox 774 2544 904 2593; x_wconf 87' lang='lat' dir='ltr'>restrum</span> <span class='ocrx_word' id='word_1_124' title='bbox 915 2532 964 2612; x_wconf 86' lang='lat' dir='ltr'>qpi</span> <span class='ocrx_word' id='word_1_125' title='bbox 981 2534 1104 2594; x_wconf 87' lang='lat' dir='ltr'>nuncin</span> <span class='ocrx_word' id='word_1_126' title='bbox 1122 2522 1234 2613; x_wconf 88' lang='lat' dir='ltr'>judicio</span> <span class='ocrx_word' id='word_1_127' title='bbox 1246 2534 1370 2609; x_wconf 86' lang='lat' dir='ltr'>adestis,</span> 
     </span>
     <span class='ocr_line' id='line_1_17' title="bbox 269 2622 1369 2711; baseline -0.005 -18"><span class='ocrx_word' id='word_1_128' title='bbox 269 2641 333 2693; x_wconf 87' lang='lat' dir='ltr'>tum</span> <span class='ocrx_word' id='word_1_129' title='bbox 346 2631 523 2711; x_wconf 89' lang='lat' dir='ltr'>reliquorum</span> <span class='ocrx_word' id='word_1_130' title='bbox 540 2628 658 2698; x_wconf 85' lang='lat' dir='ltr'>civium,</span> <span class='ocrx_word' id='word_1_131' title='bbox 673 2645 723 2705; x_wconf 87' lang='lat' dir='ltr'>qur</span> <span class='ocrx_word' id='word_1_132' title='bbox 713 2622 897 2687; x_wconf 75' lang='lat' dir='ltr'><strong>&#39;suaderent</strong></span> <span class='ocrx_word' id='word_1_133' title='bbox 918 2634 950 2684; x_wconf 90' lang='lat' dir='ltr'>et</span> <span class='ocrx_word' id='word_1_134' title='bbox 970 2623 1154 2686; x_wconf 86' lang='lat' dir='ltr'>hortarentur</span> <span class='ocrx_word' id='word_1_135' title='bbox 1166 2636 1200 2686; x_wconf 94' lang='lat' dir='ltr'>ut</span> <span class='ocrx_word' id='word_1_136' title='bbox 1206 2628 1256 2707; x_wconf 85' lang='lat' dir='ltr'>J&#39;us</span> <span class='ocrx_word' id='word_1_137' title='bbox 1270 2646 1369 2688; x_wconf 88' lang='lat' dir='ltr'>meum</span> 
     </span>
     <span class='ocr_line' id='line_1_18' title="bbox 268 2715 1370 2828; baseline -0.002 -44"><span class='ocrx_word' id='word_1_138' title='bbox 268 2742 470 2828; x_wconf 72' lang='lat' dir='ltr'>persequerer,</span> <span class='ocrx_word' id='word_1_139' title='bbox 483 2730 572 2799; x_wconf 89' lang='lat' dir='ltr'>atque</span> <span class='ocrx_word' id='word_1_140' title='bbox 586 2719 675 2779; x_wconf 74' lang='lat' dir='ltr'>isam</span> <span class='ocrx_word' id='word_1_141' title='bbox 688 2717 729 2778; x_wconf 93' lang='lat' dir='ltr'>ad</span> <span class='ocrx_word' id='word_1_142' title='bbox 740 2736 794 2777; x_wconf 78' lang='lat' dir='ltr'>vos</span> <span class='ocrx_word' id='word_1_143' title='bbox 807 2716 1004 2788; x_wconf 74' lang='lat' dir='ltr'>adducerem</span> <span class='ocrx_word' id='word_1_144' title='bbox 1025 2736 1092 2777; x_wconf 88' lang='lat' dir='ltr'>mea</span> <span class='ocrx_word' id='word_1_145' title='bbox 1104 2715 1222 2823; x_wconf 81' lang='lat' dir='ltr'>quidem</span> <span class='ocrx_word' id='word_1_146' title='bbox 1236 2720 1370 2798; x_wconf 84' lang='lat' dir='ltr'>profecto</span> 
     </span>
     <span class='ocr_line' id='line_1_19' title="bbox 268 2808 1368 2889; baseline -0.004 -15.933"><span class='ocrx_word' id='word_1_147' title='bbox 268 2813 424 2886; x_wconf 87' lang='lat' dir='ltr'>sententia,</span> <span class='ocrx_word' id='word_1_148' title='bbox 436 2814 474 2871; x_wconf 93' lang='lat' dir='ltr'>ob</span> <span class='ocrx_word' id='word_1_149' title='bbox 487 2808 697 2889; x_wconf 80' lang='lat' dir='ltr'>utraquehmc,</span> <span class='ocrx_word' id='word_1_150' title='bbox 711 2808 910 2869; x_wconf 72' lang='lat' dir='ltr'>Athenienses</span> <span class='ocrx_word' id='word_1_151' title='bbox 912 2809 1368 2889; x_wconf 72' lang='lat' dir='ltr'>,quodetmeinsignemseee-</span> 
     </span>
     <span class='ocr_line' id='line_1_20' title="bbox 267 2890 1367 3009; baseline 0.001 -45"><span class='ocrx_word' id='word_1_152' title='bbox 267 2890 348 2986; x_wconf 82' lang='lat' dir='ltr'>pisse</span> <span class='ocrx_word' id='word_1_153' title='bbox 368 2903 501 2983; x_wconf 84' lang='lat' dir='ltr'>injuriam</span> <span class='ocrx_word' id='word_1_154' title='bbox 522 2903 673 2981; x_wconf 84' lang='lat' dir='ltr'>putabant,</span> <span class='ocrx_word' id='word_1_155' title='bbox 688 2910 719 2960; x_wconf 88' lang='lat' dir='ltr'>et</span> <span class='ocrx_word' id='word_1_156' title='bbox 737 2901 823 2960; x_wconf 90' lang='lat' dir='ltr'>simul</span> <span class='ocrx_word' id='word_1_157' title='bbox 845 2900 903 2961; x_wconf 88' lang='lat' dir='ltr'>de</span> <span class='ocrx_word' id='word_1_158' title='bbox 896 2910 953 2961; x_wconf 82' lang='lat' dir='ltr'>rato</span> <span class='ocrx_word' id='word_1_159' title='bbox 966 2919 1069 2981; x_wconf 83' lang='lat' dir='ltr'>poeuas</span> <span class='ocrx_word' id='word_1_160' title='bbox 1083 2918 1198 2961; x_wconf 88' lang='lat' dir='ltr'>sumere</span> <span class='ocrx_word' id='word_1_161' title='bbox 1209 2906 1367 3009; x_wconf 80' lang='lat' dir='ltr'>optabant,</span> 
     </span>
     <span class='ocr_line' id='line_1_21' title="bbox 266 2990 1366 3077; baseline -0.002 -20"><span class='ocrx_word' id='word_1_162' title='bbox 266 3014 356 3077; x_wconf 87' lang='lat' dir='ltr'>quem</span> <span class='ocrx_word' id='word_1_163' title='bbox 370 2994 443 3056; x_wconf 86' lang='lat' dir='ltr'>alias</span> <span class='ocrx_word' id='word_1_164' title='bbox 463 2994 642 3072; x_wconf 72' lang='lat' dir='ltr'>etiamque</span> <span class='ocrx_word' id='word_1_165' title='bbox 662 3002 709 3054; x_wconf 92' lang='lat' dir='ltr'>est</span> <span class='ocrx_word' id='word_1_166' title='bbox 726 2992 895 3058; x_wconf 85' lang='lat' dir='ltr'>audaciaet</span> <span class='ocrx_word' id='word_1_167' title='bbox 908 2990 1015 3067; x_wconf 82' lang='lat' dir='ltr'>furore,</span> <span class='ocrx_word' id='word_1_168' title='bbox 1030 3012 1084 3054; x_wconf 87' lang='lat' dir='ltr'>uec</span> <span class='ocrx_word' id='word_1_169' title='bbox 1099 2994 1225 3054; x_wconf 83' lang='lat' dir='ltr'>coerceri</span> <span class='ocrx_word' id='word_1_170' title='bbox 1233 2996 1299 3077; x_wconf 86' lang='lat' dir='ltr'>jam</span> <span class='ocrx_word' id='word_1_171' title='bbox 1311 3014 1366 3077; x_wconf 76' lang='lat' dir='ltr'>po</span> 
     </span>
     <span class='ocr_line' id='line_1_22' title="bbox 265 3085 1019 3167; baseline -0.004 -17"><span class='ocrx_word' id='word_1_172' title='bbox 265 3097 335 3162; x_wconf 90' lang='lat' dir='ltr'>test,</span> <span class='ocrx_word' id='word_1_173' title='bbox 346 3087 472 3167; x_wconf 85' lang='lat' dir='ltr'>plurime</span> <span class='ocrx_word' id='word_1_174' title='bbox 480 3085 647 3167; x_wconf 84' lang='lat' dir='ltr'>petulanter</span> <span class='ocrx_word' id='word_1_175' title='bbox 660 3086 816 3148; x_wconf 86' lang='lat' dir='ltr'>admisisse</span> <span class='ocrx_word' id='word_1_176' title='bbox 828 3096 1019 3167; x_wconf 77' lang='lat' dir='ltr'>cognossent.</span> 
     </span>
    </p>

    <p class='ocr_par' dir='ltr' id='par_1_9' title="bbox 194 3168 1367 4271">
     <span class='ocr_line' id='line_1_23' title="bbox 288 3178 1367 3263; baseline -0.001 -22"><span class='ocrx_word' id='word_1_177' title='bbox 288 3184 336 3241; x_wconf 68' lang='grc' dir='ltr'>ι.</span> <span class='ocrx_word' id='word_1_178' title='bbox 358 3178 434 3249; x_wconf 84' lang='lat' dir='ltr'>Quae</span> <span class='ocrx_word' id='word_1_179' title='bbox 448 3198 516 3241; x_wconf 88' lang='lat' dir='ltr'>cum</span> <span class='ocrx_word' id='word_1_180' title='bbox 529 3180 571 3253; x_wconf 79' lang='lat' dir='ltr'>ita</span> <span class='ocrx_word' id='word_1_181' title='bbox 585 3179 652 3251; x_wconf 85' lang='lat' dir='ltr'>sint,</span> <span class='ocrx_word' id='word_1_182' title='bbox 667 3198 734 3259; x_wconf 83' lang='lat' dir='ltr'>qum</span> <span class='ocrx_word' id='word_1_183' title='bbox 747 3199 767 3239; x_wconf 83' lang='lat' dir='ltr'><strong>a</strong></span> <span class='ocrx_word' id='word_1_184' title='bbox 778 3196 828 3239; x_wconf 89' lang='lat' dir='ltr'>me</span> <span class='ocrx_word' id='word_1_185' title='bbox 844 3178 992 3240; x_wconf 82' lang='lat' dir='ltr'>observari</span> <span class='ocrx_word' id='word_1_186' title='bbox 1011 3178 1216 3263; x_wconf 78' lang='lat' dir='ltr'>conveniebat,</span> <span class='ocrx_word' id='word_1_187' title='bbox 1229 3198 1268 3240; x_wconf 86' lang='lat' dir='ltr'>ea</span> <span class='ocrx_word' id='word_1_188' title='bbox 1284 3181 1367 3258; x_wconf 62' lang='lat' dir='ltr'>§ute</span> 
     </span>
     <span class='ocr_line' id='line_1_24' title="bbox 263 3269 1366 3349; baseline -0.003 -12"><span class='ocrx_word' id='word_1_189' title='bbox 263 3272 346 3337; x_wconf 87' lang='lat' dir='ltr'>vobis</span> <span class='ocrx_word' id='word_1_190' title='bbox 369 3271 467 3332; x_wconf 88' lang='lat' dir='ltr'>omnia</span> <span class='ocrx_word' id='word_1_191' title='bbox 488 3281 635 3331; x_wconf 88' lang='lat' dir='ltr'>reservata</span> <span class='ocrx_word' id='word_1_192' title='bbox 659 3280 783 3341; x_wconf 75' lang='lat' dir='ltr'>suntet</span> <span class='ocrx_word' id='word_1_193' title='bbox 801 3271 840 3330; x_wconf 88' lang='lat' dir='ltr'>ad</span> <span class='ocrx_word' id='word_1_194' title='bbox 859 3270 1108 3342; x_wconf 83' lang='lat' dir='ltr'>accusandum,ai</span> <span class='ocrx_word' id='word_1_195' title='bbox 1128 3269 1201 3349; x_wconf 84' lang='lat' dir='ltr'>quis&#39;</span> <span class='ocrx_word' id='word_1_196' title='bbox 1218 3270 1366 3334; x_wconf 73' lang='lat' dir='ltr'>actionem</span> 
     </span>
     <span class='ocr_line' id='line_1_25' title="bbox 262 3362 1363 3444; baseline -0.005 -16"><span class='ocrx_word' id='word_1_197' title='bbox 262 3366 386 3437; x_wconf 82' lang='lat' dir='ltr'>dederit,</span> <span class='ocrx_word' id='word_1_198' title='bbox 400 3364 515 3433; x_wconf 90' lang='lat' dir='ltr'>adsum,</span> <span class='ocrx_word' id='word_1_199' title='bbox 530 3373 564 3421; x_wconf 86' lang='lat' dir='ltr'>ut</span> <span class='ocrx_word' id='word_1_200' title='bbox 575 3362 689 3431; x_wconf 90' lang='lat' dir='ltr'>videtis,</span> <span class='ocrx_word' id='word_1_201' title='bbox 705 3380 797 3439; x_wconf 87' lang='lat' dir='ltr'>quum</span> <span class='ocrx_word' id='word_1_202' title='bbox 817 3364 944 3439; x_wconf 88' lang='lat' dir='ltr'>quidem,</span> <span class='ocrx_word' id='word_1_203' title='bbox 959 3362 1168 3436; x_wconf 79' lang='lat' dir='ltr'>Athenienses,</span> <span class='ocrx_word' id='word_1_204' title='bbox 1178 3374 1209 3423; x_wconf 86' lang='lat' dir='ltr'>et</span> <span class='ocrx_word' id='word_1_205' title='bbox 1220 3381 1363 3444; x_wconf 75' lang='lat' dir='ltr'>magnam</span> 
     </span>
     <span class='ocr_line' id='line_1_26' title="bbox 252 3452 1366 3538; baseline 0.004 -23"><span class='ocrx_word' id='word_1_206' title='bbox 252 3459 416 3538; x_wconf 67' lang='lat' dir='ltr'>,pecuniam</span> <span class='ocrx_word' id='word_1_207' title='bbox 437 3476 475 3517; x_wconf 90' lang='lat' dir='ltr'>ne</span> <span class='ocrx_word' id='word_1_208' title='bbox 493 3473 673 3529; x_wconf 81' lang='lat' dir='ltr'>accusarem,</span> <span class='ocrx_word' id='word_1_209' title='bbox 687 3452 758 3513; x_wconf 91' lang='lat' dir='ltr'>mihi</span> <span class='ocrx_word' id='word_1_210' title='bbox 779 3452 961 3534; x_wconf 86' lang='lat' dir='ltr'>promissam,</span> <span class='ocrx_word' id='word_1_211' title='bbox 985 3456 1170 3535; x_wconf 88' lang='lat' dir='ltr'>repudiarim‚</span> <span class='ocrx_word' id='word_1_212' title='bbox 1196 3467 1228 3518; x_wconf 90' lang='lat' dir='ltr'>et</span> <span class='ocrx_word' id='word_1_213' title='bbox 1253 3458 1366 3521; x_wconf 86' lang='lat' dir='ltr'>multas</span> 
     </span>
     <span class='ocr_line' id='line_1_27' title="bbox 262 3546 1365 3629; baseline 0.005 -22"><span class='ocrx_word' id='word_1_214' title='bbox 262 3547 484 3627; x_wconf 82' lang='lat' dir='ltr'>deprecationes</span> <span class='ocrx_word' id='word_1_215' title='bbox 505 3560 535 3606; x_wconf 87' lang='lat' dir='ltr'>et</span> <span class='ocrx_word' id='word_1_216' title='bbox 548 3546 668 3625; x_wconf 68' lang='grc' dir='ltr'><strong>ιιιιιιι,</strong></span> <span class='ocrx_word' id='word_1_217' title='bbox 678 3546 736 3608; x_wconf 88' lang='lat' dir='ltr'>imo</span> <span class='ocrx_word' id='word_1_218' title='bbox 755 3546 844 3605; x_wconf 89' lang='lat' dir='ltr'>etiam</span> <span class='ocrx_word' id='word_1_219' title='bbox 857 3546 1110 3625; x_wconf 75' lang='lat' dir='ltr'>comminationes,</span> <span class='ocrx_word' id='word_1_220' title='bbox 1122 3550 1365 3629; x_wconf 85' lang='lat' dir='ltr'>contempserim.</span> 
     </span>
     <span class='ocr_line' id='line_1_28' title="bbox 263 3635 1366 3716; baseline 0.008 -20"><span class='ocrx_word' id='word_1_221' title='bbox 263 3636 353 3705; x_wconf 81' lang='lat' dir='ltr'>Quod</span> <span class='ocrx_word' id='word_1_222' title='bbox 367 3654 435 3695; x_wconf 84' lang='lat' dir='ltr'>vero</span> <span class='ocrx_word' id='word_1_223' title='bbox 447 3636 485 3695; x_wconf 91' lang='lat' dir='ltr'>sd</span> <span class='ocrx_word' id='word_1_224' title='bbox 495 3654 548 3695; x_wconf 85' lang='lat' dir='ltr'>vos</span> <span class='ocrx_word' id='word_1_225' title='bbox 563 3636 701 3716; x_wconf 87' lang='lat' dir='ltr'>deinceps</span> <span class='ocrx_word' id='word_1_226' title='bbox 719 3636 834 3709; x_wconf 79' lang='lat' dir='ltr'>attinet,</span> <span class='ocrx_word' id='word_1_227' title='bbox 854 3646 967 3715; x_wconf 88' lang='lat' dir='ltr'>quanto</span> <span class='ocrx_word' id='word_1_228' title='bbox 986 3635 1121 3716; x_wconf 86' lang='lat' dir='ltr'>pluribus</span> <span class='ocrx_word' id='word_1_229' title='bbox 1139 3640 1197 3700; x_wconf 89' lang='lat' dir='ltr'>iste</span> <span class='ocrx_word' id='word_1_230' title='bbox 1209 3640 1366 3705; x_wconf 78' lang='lat' dir='ltr'>molestias</span> 
     </span>
     <span class='ocr_line' id='line_1_29' title="bbox 249 3726 1367 3811; baseline 0.004 -21"><span class='ocrx_word' id='word_1_231' title='bbox 249 3726 420 3793; x_wconf 87' lang='lat' dir='ltr'>&#39;concitavit</span> <span class='ocrx_word' id='word_1_232' title='bbox 432 3738 462 3785; x_wconf 90' lang='lat' dir='ltr'>et</span> <span class='ocrx_word' id='word_1_233' title='bbox 475 3726 669 3800; x_wconf 83' lang='lat' dir='ltr'>denunciavit,</span> <span class='ocrx_word' id='word_1_234' title='bbox 671 3728 770 3787; x_wconf 85' lang='lat' dir='ltr'>-vidi</span> <span class='ocrx_word' id='word_1_235' title='bbox 783 3729 861 3788; x_wconf 89' lang='lat' dir='ltr'>enim</span> <span class='ocrx_word' id='word_1_236' title='bbox 873 3729 964 3789; x_wconf 93' lang='lat' dir='ltr'>modo</span> <span class='ocrx_word' id='word_1_237' title='bbox 976 3748 1043 3809; x_wconf 73' lang='lat' dir='ltr'>qum</span> <span class='ocrx_word' id='word_1_238' title='bbox 1057 3740 1127 3791; x_wconf 89' lang='lat' dir='ltr'>ante</span> <span class='ocrx_word' id='word_1_239' title='bbox 1138 3733 1276 3811; x_wconf 75' lang='lat' dir='ltr'>praetoria</span> <span class='ocrx_word' id='word_1_240' title='bbox 1288 3738 1367 3797; x_wconf 78' lang='lat' dir='ltr'>acti-</span> 
     </span>
     <span class='ocr_line' id='line_1_30' title="bbox 261 3816 1366 3912; baseline 0.007 -36"><span class='ocrx_word' id='word_1_241' title='bbox 261 3832 387 3892; x_wconf 72' lang='lat' dir='ltr'>taree-,</span> <span class='ocrx_word' id='word_1_242' title='bbox 401 3828 483 3879; x_wconf 89' lang='lat' dir='ltr'>tanto</span> <span class='ocrx_word' id='word_1_243' title='bbox 504 3816 597 3897; x_wconf 86' lang='lat' dir='ltr'>magis</span> <span class='ocrx_word' id='word_1_244' title='bbox 622 3838 668 3878; x_wconf 91' lang='lat' dir='ltr'>me</span> <span class='ocrx_word' id='word_1_245' title='bbox 684 3820 732 3899; x_wconf 89' lang='lat' dir='ltr'>jos</span> <span class='ocrx_word' id='word_1_246' title='bbox 755 3838 851 3879; x_wconf 88' lang='lat' dir='ltr'>meum</span> <span class='ocrx_word' id='word_1_247' title='bbox 874 3830 1102 3882; x_wconf 84' lang='lat' dir='ltr'>consecuturum</span> <span class='ocrx_word' id='word_1_248' title='bbox 1115 3842 1211 3912; x_wconf 79' lang='lat' dir='ltr'>spem.</span> <span class='ocrx_word' id='word_1_249' title='bbox 1253 3824 1366 3904; x_wconf 81' lang='lat' dir='ltr'>Neque</span> 
     </span>
     <span class='ocr_line' id='line_1_31' title="bbox 260 3897 1366 3999; baseline 0 -21"><span class='ocrx_word' id='word_1_250' title='bbox 260 3918 339 3979; x_wconf 86' lang='lat' dir='ltr'>enirn</span> <span class='ocrx_word' id='word_1_251' title='bbox 350 3897 459 3975; x_wconf 79' lang='lat' dir='ltr'>deuito</span> <span class='ocrx_word' id='word_1_252' title='bbox 472 3920 598 3973; x_wconf 84' lang='lat' dir='ltr'>vestrum</span> <span class='ocrx_word' id='word_1_253' title='bbox 611 3923 672 3971; x_wconf 90' lang='lat' dir='ltr'>tam</span> <span class='ocrx_word' id='word_1_254' title='bbox 682 3914 759 3973; x_wconf 90' lang='lat' dir='ltr'>male</span> <span class='ocrx_word' id='word_1_255' title='bbox 767 3913 910 3989; x_wconf 85' lang='lat' dir='ltr'>existimo,</span> <span class='ocrx_word' id='word_1_256' title='bbox 921 3924 956 3974; x_wconf 89' lang='lat' dir='ltr'>ut</span> <span class='ocrx_word' id='word_1_257' title='bbox 967 3934 1077 3989; x_wconf 82' lang='lat' dir='ltr'>verear,</span> <span class='ocrx_word' id='word_1_258' title='bbox 1089 3935 1126 3976; x_wconf 92' lang='lat' dir='ltr'>ne</span> <span class='ocrx_word' id='word_1_259' title='bbox 1136 3907 1184 3976; x_wconf 83' lang='lat' dir='ltr'>vei</span> <span class='ocrx_word' id='word_1_260' title='bbox 1196 3918 1276 3998; x_wconf 91' lang='lat' dir='ltr'>prius</span> <span class='ocrx_word' id='word_1_261' title='bbox 1288 3938 1366 3999; x_wconf 77' lang='lat' dir='ltr'>erg-e</span> 
     </span>
     <span class='ocr_line' id='line_1_32' title="bbox 194 4002 1366 4114; baseline 0.004 -46"><span class='ocrx_word' id='word_1_262' title='bbox 194 4022 198 4029; x_wconf 83' lang='lat'><em>·</em></span> <span class='ocrx_word' id='word_1_263' title='bbox 260 4026 307 4067; x_wconf 90' lang='lat' dir='ltr'>me</span> <span class='ocrx_word' id='word_1_264' title='bbox 320 4016 449 4068; x_wconf 82' lang='lat' dir='ltr'>restmm</span> <span class='ocrx_word' id='word_1_265' title='bbox 467 4002 597 4063; x_wconf 83' lang='lat' dir='ltr'>studium</span> <span class='ocrx_word' id='word_1_266' title='bbox 616 4002 786 4083; x_wconf 84' lang='lat' dir='ltr'>deposituri,</span> <span class='ocrx_word' id='word_1_267' title='bbox 799 4006 857 4079; x_wconf 84' lang='lat' dir='ltr'>vel,</span> <span class='ocrx_word' id='word_1_268' title='bbox 869 4016 904 4066; x_wconf 91' lang='lat' dir='ltr'>ut</span> <span class='ocrx_word' id='word_1_269' title='bbox 916 4005 1027 4079; x_wconf 85' lang='lat' dir='ltr'>Midias</span> <span class='ocrx_word' id='word_1_270' title='bbox 1041 4008 1204 4090; x_wconf 84' lang='lat' dir='ltr'>deinceps</span> <span class='ocrx_word' id='word_1_271' title='bbox 1195 4030 1316 4114; x_wconf 86' lang='lat' dir='ltr'>rmpune</span> <span class='ocrx_word' id='word_1_272' title='bbox 1330 4024 1366 4073; x_wconf 90' lang='lat' dir='ltr'>et</span> 
     </span>
     <span class='ocr_line' id='line_1_33' title="bbox 259 4096 1363 4179; baseline 0.005 -19"><span class='ocrx_word' id='word_1_273' title='bbox 259 4118 362 4161; x_wconf 87' lang='lat' dir='ltr'>secure</span> <span class='ocrx_word' id='word_1_274' title='bbox 382 4096 491 4158; x_wconf 80' lang='lat' dir='ltr'>civibus</span> <span class='ocrx_word' id='word_1_275' title='bbox 508 4096 639 4167; x_wconf 87' lang='lat' dir='ltr'>insultet,</span> <span class='ocrx_word' id='word_1_276' title='bbox 662 4097 800 4175; x_wconf 79' lang='lat' dir='ltr'>neglecta</span> <span class='ocrx_word' id='word_1_277' title='bbox 816 4098 1005 4177; x_wconf 81' lang='lat' dir='ltr'>jurisjurandi</span> <span class='ocrx_word' id='word_1_278' title='bbox 1026 4100 1178 4179; x_wconf 75' lang='lat' dir='ltr'>reiigione,</span> <span class='ocrx_word' id='word_1_279' title='bbox 1197 4102 1363 4179; x_wconf 77' lang='lat' dir='ltr'>quicquam</span> 
     </span>
     <span class='ocr_line' id='line_1_34' title="bbox 260 4188 1364 4271; baseline 0.004 -20"><span class='ocrx_word' id='word_1_280' title='bbox 260 4191 339 4252; x_wconf 84' lang='lat' dir='ltr'>eliud</span> <span class='ocrx_word' id='word_1_281' title='bbox 347 4188 507 4271; x_wconf 86' lang='lat' dir='ltr'>judicaturi</span> <span class='ocrx_word' id='word_1_282' title='bbox 519 4188 593 4263; x_wconf 89' lang='lat' dir='ltr'>sitis,</span> <span class='ocrx_word' id='word_1_283' title='bbox 607 4208 695 4268; x_wconf 87' lang='lat' dir='ltr'>quam</span> <span class='ocrx_word' id='word_1_284' title='bbox 705 4189 787 4266; x_wconf 91' lang='lat' dir='ltr'>quod</span> <span class='ocrx_word' id='word_1_285' title='bbox 799 4208 917 4269; x_wconf 78' lang='lat' dir='ltr'>mquam</span> <span class='ocrx_word' id='word_1_286' title='bbox 929 4210 995 4250; x_wconf 87' lang='lat' dir='ltr'>esse</span> <span class='ocrx_word' id='word_1_287' title='bbox 1003 4202 1039 4251; x_wconf 84' lang='lat' dir='ltr'>st</span> <span class='ocrx_word' id='word_1_288' title='bbox 1047 4191 1161 4271; x_wconf 84' lang='lat' dir='ltr'>justum</span> <span class='ocrx_word' id='word_1_289' title='bbox 1173 4191 1364 4255; x_wconf 64' lang='lat' dir='ltr'>murias.</span> 
     </span>
    </p>

    <p class='ocr_par' dir='ltr' id='par_1_10' title="bbox 256 4280 1363 4582">
     <span class='ocr_line' id='line_1_35' title="bbox 298 4280 1363 4363; baseline 0.003 -22"><span class='ocrx_word' id='word_1_290' title='bbox 298 4288 329 4343; x_wconf 76' lang='lat'>3.</span> <span class='ocrx_word' id='word_1_291' title='bbox 350 4281 488 4355; x_wconf 87' lang='lat' dir='ltr'>Quodsi,</span> <span class='ocrx_word' id='word_1_292' title='bbox 502 4280 705 4353; x_wconf 86' lang='lat' dir='ltr'>Athenienses,</span> <span class='ocrx_word' id='word_1_293' title='bbox 719 4299 786 4340; x_wconf 90' lang='lat' dir='ltr'>eum</span> <span class='ocrx_word' id='word_1_294' title='bbox 810 4281 983 4341; x_wconf 83' lang='lat' dir='ltr'>violatarum</span> <span class='ocrx_word' id='word_1_295' title='bbox 1002 4280 1112 4361; x_wconf 83' lang='lat' dir='ltr'>legum,</span> <span class='ocrx_word' id='word_1_296' title='bbox 1130 4280 1212 4343; x_wconf 72' lang='lat' dir='ltr'>hiere</span> <span class='ocrx_word' id='word_1_297' title='bbox 1230 4282 1363 4363; x_wconf 78' lang='lat' dir='ltr'>legatio-</span> 
     </span>
     <span class='ocr_line' id='line_1_36' title="bbox 258 4370 1363 4452; baseline 0.005 -21"><span class='ocrx_word' id='word_1_298' title='bbox 258 4372 314 4445; x_wconf 89' lang='lat' dir='ltr'>nis,</span> <span class='ocrx_word' id='word_1_299' title='bbox 327 4382 379 4432; x_wconf 85' lang='lat' dir='ltr'>sut</span> <span class='ocrx_word' id='word_1_300' title='bbox 391 4373 428 4431; x_wconf 86' lang='lat' dir='ltr'>de</span> <span class='ocrx_word' id='word_1_301' title='bbox 443 4372 500 4431; x_wconf 87' lang='lat' dir='ltr'>alio</span> <span class='ocrx_word' id='word_1_302' title='bbox 514 4373 652 4452; x_wconf 86' lang='lat' dir='ltr'>quopiam</span> <span class='ocrx_word' id='word_1_303' title='bbox 675 4370 760 4431; x_wconf 86' lang='lat' dir='ltr'>simili</span> <span class='ocrx_word' id='word_1_304' title='bbox 783 4372 901 4433; x_wconf 86' lang='lat' dir='ltr'>crimine</span> <span class='ocrx_word' id='word_1_305' title='bbox 922 4382 1113 4433; x_wconf 86' lang='lat' dir='ltr'>accusaturus</span> <span class='ocrx_word' id='word_1_306' title='bbox 1134 4394 1243 4447; x_wconf 89' lang='lat' dir='ltr'>essem,</span> <span class='ocrx_word' id='word_1_307' title='bbox 1263 4374 1363 4438; x_wconf 81' lang='lat' dir='ltr'>nuliis</span> 
     </span>
     <span class='ocr_line' id='line_1_37' title="bbox 256 4462 1359 4582; baseline 0.005 -58"><span class='ocrx_word' id='word_1_308' title='bbox 256 4462 325 4524; x_wconf 86' lang='lat' dir='ltr'>mihi</span> <span class='ocrx_word' id='word_1_309' title='bbox 339 4464 473 4541; x_wconf 83' lang='lat' dir='ltr'>precibus</span> <span class='ocrx_word' id='word_1_310' title='bbox 486 4462 629 4561; x_wconf 76' lang='lat' dir='ltr'>utendum</span> <span class='ocrx_word' id='word_1_311' title='bbox 643 4464 723 4545; x_wconf 88' lang='lat' dir='ltr'>apud</span> <span class='ocrx_word' id='word_1_312' title='bbox 736 4483 788 4525; x_wconf 81' lang='lat' dir='ltr'>sos</span> <span class='ocrx_word' id='word_1_313' title='bbox 802 4464 1025 4539; x_wconf 84' lang='lat' dir='ltr'>existimassem,</span> <span class='ocrx_word' id='word_1_314' title='bbox 1038 4466 1181 4582; x_wconf 62' lang='lat' dir='ltr'>cipridem</span> <span class='ocrx_word' id='word_1_315' title='bbox 1199 4466 1231 4528; x_wconf 93' lang='lat' dir='ltr'>id</span> <span class='ocrx_word' id='word_1_316' title='bbox 1242 4476 1359 4541; x_wconf 86' lang='lat' dir='ltr'>statuo,</span> 
     </span>
    </p>
   </div>
   <div class='ocr_carea' id='block_1_9' title="bbox 0 0 1472 5000">
    <p class='ocr_par' dir='ltr' id='par_1_11' title="bbox 0 0 1472 5000">
     <span class='ocr_line' id='line_1_38' title="bbox 0 0 1472 5000; baseline 0 7"><span class='ocrx_word' id='word_1_317' title='bbox 0 0 1472 5000; x_wconf 95' lang='lat' dir='ltr'> </span> 
     </span>
    </p>
   </div>
  </div>
 </body>
</html>
