2934 5000
447 223 598 287 ouumo
619 225 677 286 nu
698 225 934 287 ausoauso.
1099 299 1103 304 ,
1203 226 1244 288 es

152 385 323 440 sumturum
335 378 416 442 dicit.
455 381 503 442 Au
517 399 576 442 nou
589 379 775 443 manifestum
784 380 939 462 estipsum
952 380 1163 459 maguamsus
1172 397 1246 443 uuu-
1307 353 1312 366 ⁴

152 467 228 529 ferre
240 471 404 533 beneficius

196 564 244 622 ll.
285 563 349 625 Nee
361 563 470 626 desunt
481 575 579 628 teuseu
592 567 642 646 qui
652 565 892 646 haucepistulam
900 565 1017 644 egregie
1026 565 1166 645 scriptam
1178 585 1247 631 ssss

106 671 109 678 ’
151 665 302 716 asserunt:
322 657 373 736 qui
393 657 511 737 quidem
532 659 640 738 majore
659 666 767 731 vestro,
786 676 875 737 quam
889 655 1051 739 Philippus,
1070 657 1139 720 odio
1161 659 1245 742 digni
1379 699 1383 708 -

150 757 231 808 suut.
273 748 303 810 ls
317 749 403 822 euim,
419 750 490 810 dum
499 750 582 811 vobis
593 751 622 810 iu
635 752 722 812 rebus
737 749 873 812 omuibus
882 749 1062 823 adversatur,
1072 749 1245 834 sibimetipsi

103 857 107 868 ·
150 839 274 918 gloriam
288 850 317 902 el
329 861 453 923 magnas
463 862 534 924 opes
546 843 685 923 acquirit:
706 852 739 904 at
750 842 934 922 quicumque,
947 840 1140 902 Athenienses
1149 862 1243 923 quum

149 931 220 1007 sint,
229 934 461 997 benevolentiam
473 955 544 1015 erga
556 935 731 1016 Philippum,
754 954 816 996 nou
833 953 905 1014 erga
922 933 1049 1016 patriam
1065 933 1244 1014 significant,

150 1043 203 1086 eos
213 1029 351 1090 convenit
364 1049 381 1090 a
393 1031 476 1091 vehis
490 1025 583 1092 malos
602 1027 680 1092 male
700 1027 796 1108 perdi,
815 1026 841 1086 si
860 1025 950 1088 modo
966 1045 1022 1089 vos
1038 1027 1192 1088 cerebrum
1208 1029 1242 1090 iu

149 1121 339 1199 temporibus,
353 1140 413 1183 uun
423 1123 453 1182 in
460 1121 603 1197 calcibus,
613 1121 818 1184 conculcamus
827 1117 938 1197 geritis.
977 1117 1133 1198 Reliquum
1143 1119 1243 1184 adhue

149 1209 222 1270 mihi
235 1221 281 1272 est
293 1222 327 1273 ut
346 1224 377 1275 et
393 1213 432 1275 sd
452 1212 623 1295 praeclaram
644 1213 731 1274 islam
749 1210 912 1292 epistelam,
925 1219 957 1272 et
969 1209 1049 1270 dieta
1066 1209 1242 1288 legaturum,

147 1321 322 1386 responsum
335 1307 461 1368 acuham
468 1305 549 1386 quod
561 1314 592 1367 et
604 1323 720 1388 equum
733 1323 800 1366 esse
813 1311 845 1364 et
850 1302 932 1365 subis
945 1301 1017 1364 utile
1028 1301 1200 1366 existimem.
