2934 5000
528 319 587 387 ns
609 319 793 382 cononi.
1147 325 1204 416 too

120 494 224 538 rursus
242 474 379 556 [otinitio
398 475 515 536 diosndi
526 475 597 553 feci]
615 476 686 539 deos
698 473 874 538 tmmortsles
891 473 1036 548 inroo'sre,
1050 493 1159 556 sosqne
1170 477 1205 538 ‘m

120 576 283 648 conspectu
297 576 393 628 restro
401 587 507 648 preeor
520 567 651 646 primum,
663 578 697 631 nt
705 581 845 648 quantam
854 585 910 646 ego
922 583 1037 648 semper
1045 588 1116 649 ergit
1126 569 1205 630 etoi-

120 661 241 722 vitatem
249 671 374 720 vestrm
388 680 497 738 vosque
514 661 665 722 universos
676 661 909 726 benevolentiam
922 660 1028 733 habeo,
1041 663 1125 720 tsn'tn
1137 661 1206 723 mihi

119 774 141 815 a
151 752 272 815 robisin
284 752 342 812 hoc
350 751 463 831 judicio
475 751 635 813 tribuatur:
657 752 762 814 deinde
771 763 807 814 nt
815 753 893 831 qnod
901 752 939 814 sd
949 771 1132 812 communem
1144 772 1207 814 om-

118 845 202 906 ninm
215 844 454 905 existimationem
468 853 500 904 et
522 845 560 905 ad
578 843 755 922 singrdornm
769 844 937 924 religionem
949 863 1125 925 magnopere
1137 864 1208 906 eon·

117 939 204 1008 feret,
216 939 246 999 id
259 938 341 1000 vobis
355 939 397 1000 dii
407 937 573 1003 oonoedmt
582 949 618 998 ut
628 939 660 997 in
669 937 724 998 hso
733 955 822 998 eausa
833 939 976 999 eminetis.

161 1034 193 1100 6.
215 1030 247 1090 Si
265 1029 354 1108 igitur
366 1049 404 1095 en
415 1039 528 1093 motum
542 1030 664 1090 minimo
674 1035 878 1109 pertractasset
897 1031 1049 1092 AEsohines
1058 1032 1095 1092 de
1104 1033 1209 1111 qnibns

119 1121 266 1185 sotionem
287 1123 422 1193 intendit,
435 1141 491 1201 ego
504 1132 621 1202 qnoque
634 1123 672 1182 de
689 1122 756 1200 ipso
769 1130 887 1182 senatus
905 1125 1100 1200 prmoonsulto
1112 1121 1209 1186 stetim
1262 1183 1266 1190 ,

118 1213 356 1292 respondissem:
377 1214 430 1276 sed
446 1214 581 1293 quonism
595 1215 624 1272 in
636 1213 701 1273 eliis
713 1215 801 1272 rebus
823 1213 1001 1292 exponendis
1020 1215 1099 1275 hond
1116 1220 1210 1278 minos

119 1305 245 1367 mittam
256 1307 417 1367 orationem
425 1309 617 1388 oonsnmpsit,
624 1316 655 1367 et
664 1305 752 1366 simul
760 1305 798 1366 de
807 1325 853 1366 me
862 1305 986 1385 plurime
996 1308 1148 1368 ementiore
1157 1319 1211 1384 est,

119 1397 319 1457 neoessssiom
327 1415 398 1462 ,esse
407 1399 540 1460 existimo
548 1410 636 1479 etque
644 1399 845 1476 sdeojnstnm,
854 1399 1045 1477 psoosprios,
1057 1399 1213 1462 Athenien·

123 1507 185 1559 ses,
197 1487 244 1545 his
266 1486 305 1558 de
317 1489 403 1547 rebus
414 1489 532 1561 dicere,
549 1501 585 1550 nt
596 1491 700 1570 nequis
712 1499 842 1550 restrum
854 1489 951 1548 verbis
964 1489 1004 1549 nd
1017 1489 1097 1549 litem
1110 1507 1212 1569 parum

123 1578 326 1657 spectantibus
345 1578 491 1641 sddnotus
505 1580 646 1642 alieniore
654 1603 702 1642 me
715 1582 812 1642 animo
831 1581 932 1642 endiet
940 1585 1008 1660 jnrs
1020 1601 1120 1642 cnossi
1132 1579 1212 1642 somss

123 1679 342 1731 mormantem.
383 1670 488 1749 lisque
500 1672 580 1749 qnod
593 1673 632 1732 od
645 1673 786 1752 prirstsm
798 1673 916 1753 quidem
928 1674 1017 1734 vitsm
1031 1673 1163 1753 pertinet,
1174 1675 1213 1735 sd

124 1779 226 1830 omnes
237 1781 289 1826 ess
295 1762 683 1843 conmmeiissqnsseooque
697 1765 728 1824 in
746 1783 794 1824 me
807 1765 984 1826 conviciator
992 1765 1039 1825 hic
1049 1761 1163 1840 e'ffn'tiit,
1172 1768 1214 1827 ri-

125 1853 193 1914 dete
200 1873 289 1933 quem
299 1854 616 1936 simplieit'erqnemqne
619 1856 701 1935 juste
711 1855 913 1936 respondeam.
934 1857 1096 1916 Simoenm
1106 1877 1215 1938 cogno,

123 1945 216 2020 sistis,
225 1966 313 2025 quem
326 1947 383 2009 iste
394 1965 461 2008 esse
475 1968 522 2008 me
534 1950 700 2010 criminatus
714 1960 908 2028 est-neque
918 1950 994 2010 enim
1006 1968 1128 2028 usquam
1145 1951 1214 2010 atiht

124 2058 212 2116 quom
226 2040 307 2117 spnd
324 2059 377 2099 ros
386 2039 505 2110 ,rixi-q
523 2062 561 2101 ne
583 2061 683 2101 rooem
697 2041 816 2120 quidem
829 2061 923 2102 meam
936 2043 1088 2114 sustinete,
1101 2043 1214 2102 etimnsi

124 2129 354 2197 omniaomina
366 2131 507 2208 preclara
527 2133 644 2209 publice
665 2133 755 2210 gessi*
767 2133 836 2210 quin
849 2135 958 2212 surgite
972 2153 1076 2212 meque
1093 2131 1213 2214 Jemjern

7 2290 11 2300 Ι
123 2221 327 2282 condemnate.
368 2221 422 2282 Sin
440 2221 498 2282 isto
520 2223 612 2281 multo
636 2229 667 2281 et
687 2222 834 2282 meliorem
854 2234 885 2282 et
898 2225 1095 2283 emelioribus
1108 2235 1214 2297 ortum,

125 2312 209 2372 nolio
218 2312 345 2392 deniqne
356 2332 457 2373 eornm
467 2312 518 2391 qni
524 2313 662 2373 mediocri
672 2314 740 2373 loeo
751 2323 828 2386 sunt,
839 2334 876 2373 ne
885 2315 955 2394 'qnid
964 2316 1138 2373 invidiosum
1148 2335 1215 2394 pro-

123 2401 227 2475 feram,
240 2404 413 2464 deteriorem
432 2424 480 2463 me
491 2424 632 2484 meosque
646 2415 678 2464 et
690 2405 863 2466 existirnntis
879 2415 910 2464 et
923 2404 1053 2476 novistis,
1076 2424 1131 2464 nec
1151 2407 1215 2467 sliis

124 2494 164 2553 de
178 2496 265 2555 rebus
285 2495 333 2555 isti
354 2496 514 2563 erodiona
535 2497 720 2577 perspicuum
731 2508 778 2557 est
790 2496 866 2555 enim
880 2494 978 2554 omnin
991 2496 1028 2552 nb
1042 2512 1077 2554 eo
1090 2497 1217 2557 sisdliter

124 2605 191 2649 esse
203 2587 349 2647 conflent
368 2587 440 2645 mihi
450 2605 523 2646 reto
535 2607 625 2663 quom
638 2588 869 2645 benevolentiam
883 2585 963 2643 omni
975 2594 1104 2664 tempore
1116 2588 1214 2650 multis

124 2677 279 2753 injndieiis
287 2677 430 2757 prioribus
440 2677 617 2748 ostendistis,
629 2696 709 2749 nnnc
718 2694 835 2754 qnoque
844 2684 990 2754 prestete.
1022 2677 1082 2736 Sed
1095 2696 1162 2739 eum
1176 2681 1215 2741 sis

124 2788 220 2847 usqne
241 2788 280 2829 so
300 2778 455 2840 veterator,
470 2768 617 2840 AEschine,
639 2766 696 2828 hoe
715 2778 815 2827 temen
833 2766 949 2827 omnino
962 2766 1068 2827 stolide
1080 2771 1215 2849 opinetur

127 2876 171 2931 es,
178 2878 226 2921 me
239 2860 383 2921 festorum
395 2879 526 2921 meorum
535 2871 565 2919 et
572 2879 669 2920 rerum
681 2859 797 2938 publice
812 2869 959 2937 gestsrmn
967 2858 1058 2919 misen
1070 2863 1215 2925 mentions

126 2952 165 3013 nd
183 2952 314 3013 nonrieis
330 2963 383 3013 tue
401 2954 562 3013 orationem
575 2970 793 3012 conversorum.
825 2952 891 3011 Non
911 2950 1040 3029 proiecto
1057 2953 1087 3013 id
1100 2950 1215 3031 fnoimn,

126 3044 238 3103 monite
248 3042 370 3115 moenio,
388 3064 488 3104 verum
501 3064 548 3104 ree
562 3044 679 3123 poblioe
693 3052 791 3122 gestes
804 3060 877 3120 quos
897 3052 930 3101 tn
950 3044 1108 3105 mendaciis
1121 3056 1153 3105 et
1163 3066 1214 3108 cs·

125 3134 244 3198 tonitr
263 3135 439 3213 proscidisti,
448 3137 545 3196 stetim
564 3137 719 3210 excutiam,
731 3136 817 3195 istius
831 3144 928 3196 nutem
941 3144 1002 3195 tsm
1015 3135 1215 3217 effusoetpetn-

124 3226 230 3287 tando
239 3226 387 3305 deinceps,
400 3228 426 3286 si
438 3228 528 3287 modo
539 3227 585 3287 his
596 3228 698 3287 sodire
707 3228 857 3307 placuerit,
871 3227 1047 3287 mentionem
1059 3228 1175 3289 fsoism.

169 3320 200 3377 6.
221 3317 351 3378 erimina
361 3318 449 3397 igitur
461 3320 531 3379 mihi
542 3320 661 3398 objecto
671 3329 742 3379 sunt
760 3320 852 3379 multe
870 3328 901 3378 et
913 3318 1033 3391 atrocis,
1045 3330 1074 3379 et
1092 3338 1214 3400 qnorum

126 3409 275 3471 nonnullis
296 3428 406 3489 mogon
433 3420 464 3469 et
484 3410 588 3470 ultime
602 3410 746 3492 supplicis
758 3411 873 3490 legibus
895 3420 964 3470 sunt
981 3408 1108 3472 indier:
1129 3413 1215 3493 hnjss

128 3510 226 3564 antem
239 3502 434 3565 sceosstionis
447 3502 628 3581 propositum
637 3502 734 3582 ipsum
750 3502 781 3561 in
803 3522 835 3561 te
855 3504 961 3582 pariter
973 3501 1095 3565 includit
1114 3516 1146 3565 et
1162 3504 1218 3565 ho»

129 3593 224 3662 stilem
232 3595 417 3656 vexationem
426 3604 457 3655 et
466 3594 672 3655 contumeliam
681 3596 880 3657 eteonrioiuin
893 3596 1130 3677 petuisntemqne
1139 3601 1218 3680 inju-¹

128 3685 198 3752 riam
211 3696 243 3748 et
254 3687 285 3747 id
299 3708 392 3767 genus
409 3689 556 3759 universa,
573 3690 653 3768 qnod
666 3690 691 3749 si
703 3708 740 3750 es
752 3706 818 3768 quse
832 3698 984 3749 socmntor
1003 3692 1110 3769 objecit
1125 3701 1218 3770 atque

129 3778 283 3850 recensuit,
289 3798 358 3840 rere
370 3790 479 3853 essent,
485 3781 650 3859 respublios
662 3800 716 3842 nee
730 3780 835 3861 dignes
848 3800 902 3841 nee
910 3780 1007 3860 dignis
1020 3782 1164 3861 proximos
1176 3782 1217 3841 de·

129 3887 176 3937 me
188 3888 304 3933 sumere
316 3891 418 3950 ponas
431 3872 493 3931 olio
506 3872 596 3954 modo
606 3882 714 3952 potest.
756 3874 858 3953 Neque
881 3873 956 3935 enim
975 3874 1109 3953 cuiqnam
1126 3873 1213 3931 adimi

131 3958 219 4021 debet
229 3962 269 4025 sd
288 3963 431 4043 populum
447 3964 609 4025 secedendi
632 3968 719 4045 eopia
730 3974 762 4027 et
774 3966 865 4025 libers
878 3966 994 4027 dicendi
1006 3974 1146 4045 potestas,
1159 3962 1219 4022 sod

129 4052 171 4111 nti
182 4052 240 4114 hoo
252 4055 304 4115 det
320 4057 484 4136 petnlsnter
501 4055 666 4116 insectandi
689 4058 782 4136 gentio
800 4069 831 4118 et
848 4058 1000 4137 explendis
1019 4054 1219 4127 invidiae-id

131 4162 198 4205 vero
209 4166 263 4223 per
274 4147 346 4207 deos
359 4148 535 4209 immortales
548 4169 643 4229 neque
655 4159 768 4211 rsenrm
790 4159 835 4209 est
856 4168 951 4227 neque
964 4146 1049 4207 oirr‘le
1061 4162 1155 4223 nsque
1164 4146 1213 4224 jn-

132 4242 219 4307 ὓίιιῑιι.
227 4220 582 4319 Atheirieosest-stans
592 4241 775 4301 messeinore
783 4240 961 4301 committere
970 4238 1001 4297 in
1010 4236 1218 4316 rempnbiionm'

132 4324 258 4400 ridebat,
269 4333 428 4409 presertim
442 4352 509 4393 enm
529 4344 613 4401 mnes
626 4333 743 4405 fuerint,
757 4342 866 4409 quanta
879 4329 994 4407 quidem
1005 4329 1094 4389 inodo
1105 4330 1215 4410 tragice

131 4417 316 4485 vociferando
328 4425 507 4498 recensebtt,
516 4444 615 4486 eornm
627 4444 728 4503 ρωιιιιε
738 4423 852 4501 iegibus
866 4421 1037 4483 comtitotns
1050 4424 1212 4485 recentibus
