2934 5000
552 231 790 300 PHILIPPICA
810 233 853 298 II.
999 231 1005 239 ’
1205 237 1247 298 55

154 389 268 454 fflppo
279 391 317 440 rel
328 387 471 442 etuti-ruse
478 389 642 452 respondem,
656 405 710 440 nen
727 396 755 440 et
770 385 955 439 undanti·
969 387 1029 436 bose
1038 387 1146 452 supinet,
1163 395 1188 438 et
1202 390 1249 441 At·

152 467 260 530 gironu-
269 485 297 520 ec
303 468 470 516 Iteeneniornrn
478 483 530 516 ouen
538 465 648 530 Phiiippo
655 466 849 528 conspiretionern
857 465 958 519 sinder
968 464 1068 516 oderut
1082 472 1108 514 et
1116 473 1250 528 menna

153 539 248 600 hbent,
262 559 337 608 noque
349 549 425 592 ternen
442 541 589 606 pronuntiare
602 541 695 600 nudent,
707 553 770 590 recte
785 542 862 590 Isoere
880 540 1076 608 lacedemonios.
1110 541 1179 602 Quod
1191 556 1250 588 vero

152 619 183 666 ed
196 619 424 683 Phiiippnnrettinet,
432 619 476 666 etei
488 633 531 682 epe
542 615 645 668 frustrnti
657 623 720 678 snut,
730 635 776 666 non
787 624 863 666 temen
875 619 905 665 sb
916 633 945 665 eo
956 616 1048 679 decepti
1061 633 1113 664 esee
1125 617 1247 665 videntur:

154 695 281 758 PUIIppns
290 696 352 744 enirn
363 709 439 758 neque
448 694 518 742 eIIern
530 693 723 758 pollioitetionenr
734 695 811 742 Iitenie
826 693 987 756 InserIpsent,
1002 707 1079 755 neque
1095 708 1139 756 per
1149 708 1204 740 enon
1214 694 1251 741 Ie·

154 779 222 834 [etos
232 771 354 834 nomnen
365 771 514 835 propient,
529 772 572 820 sed
582 771 759 832 menime·
770 769 865 833 quiden
875 769 901 818 Io
918 785 987 832 spen
996 775 1118 818 etonem
1128 769 1251 832 populun,

152 845 205 896 Iure
218 856 246 897 ut
256 849 383 912 Phiiippus
394 849 528 898 Phocenses
538 855 687 900 enumeret
700 855 725 897 et
735 848 895 896 'Ibebe'noru
906 845 1017 896 Ierocie·
1029 847 1171 894 retunderet.
1190 847 1250 894 Pte

154 931 236 986 pteree
248 923 430 981 Demosthenen,
440 923 616 986 responsionum
625 925 686 972 seete
700 923 827 980 mentione,
837 938 863 970 ee
874 937 915 970 ees
928 922 1036 971 deturonr
1053 922 1189 983 potiioetor:
1205 921 1248 970 ned

151 1001 243 1062 iustum
254 1018 306 1050 esse
315 999 357 1060 sit,
366 1009 391 1049 ut
402 1001 433 1049 eb
444 1002 508 1048 itlius
518 1001 659 1048 dibieultetin
666 1000 800 1048 enowribns
812 998 882 1047 etiern
890 998 1054 1060 responsiones
1064 997 1251 1060 exigentur,iIIis

154 1075 262 1126 nimirem
276 1078 316 1144 qni
328 1077 438 1140 populun
448 1076 594 1146 deceperiut,
604 1087 628 1125 et
642 1079 711 1137 Pylae
723 1076 834 1138 Philippo
844 1075 984 1137 operuerint.
1018 1075 1109 1136 Quibus
1119 1076 1198 1124 verbis
1208 1073 1251 1123 Ε·

155 1154 259 1204 eebisen
269 1155 369 1202 οὺωπη
377 1153 523 1218 perstringit,
532 1157 579 1216 jem
589 1159 646 1210 tons,
654 1160 681 1201 ut
692 1153 765 1210 nient,
775 1159 858 1201 eontn
867 1167 919 1200 een
929 1153 994 1200 tete·
1003 1150 1126 1214 lenutio-is
1137 1152 1253 1202 notione·

153 1245 247 1304 perus,
256 1240 388 1294 pempeet
397 1231 506 1304 Intendit,
522 1245 623 1294 eenqne
631 1229 706 1280 inulto
716 1235 770 1280 ente
780 1230 843 1292 epod
852 1228 1005 1278 enatum
1015 1227 1149 1279 emm.

458 1465 958 1501 W

481 1694 925 1820 DEMOSTHENIS

429 1894 887 2000 nurinberc-A
922 1918 973 1994 11.

204 2121 232 2180 1.
253 2119 330 2181 Cure
350 2119 440 2178 verbe
460 2117 545 2186 fiunt,
563 2117 769 2188 Athenienses,
783 2117 821 2177 de
842 2117 879 2176 iis
899 2118 987 2178 rebus
1009 2138 1083 2196 qnae
1102 2119 1269 2201 Philippus

158 2213 236 2293 gerit
247 2223 277 2271 ct
290 2220 393 2271 contre
406 2229 508 2290 peccru
524 2208 641 2268 molitur
654 2216 805 2288 perpetuo,
818 2209 906 2270 vestri
916 2209 1099 2270 defensiones
1113 2221 1144 2271 et
1156 2233 1257 2293 ceques

155 2307 191 2366 'et
202 2303 345 2364 humeues
357 2319 498 2382 apparere
511 2300 607 2372 video,
623 2319 797 2380 semperque
809 2291 924 2379 probeii
937 2301 1081 2362 ocutiones
1094 2323 1192 2364 eorum
1206 2306 1257 2385 qui

159 2393 329 2478 Philippum
346 2393 524 2466 accusarint,
545 2393 627 2454 brevi
644 2402 744 2452 temen
763 2401 796 2452 ut
814 2391 910 2452 dicem
925 2393 995 2452 nihil
1019 2405 1098 2456 recte
1121 2398 1184 2475 geri
1205 2408 1258 2460 eut

158 2485 302 2569 ejusmodi
315 2486 401 2575 nteit
414 2484 478 2547 illes
492 2485 591 2547 audire
606 2504 702 2565 operte
716 2483 859 2565 pretium:
881 2484 935 2547 sed
949 2504 985 2547 eo
1002 2486 1064 2567 jorn
1078 2495 1142 2551 tote
1155 2510 1257 2570 respu-

158 2580 239 2663 blica
249 2580 378 2642 deducta
390 2588 446 2649 est,
460 2588 564 2657 utque
579 2578 672 2657 mogh
688 2586 719 2637 et
731 2576 895 2637 evidentius
913 2587 1063 2639 ostensum
1077 2581 1164 2643 fuerit
1187 2582 1257 2643 Phi-

159 2672 271 2753 lippum
281 2686 311 2733 et
328 2691 433 2753 pscern
446 2672 600 2751 nobiscum
613 2669 719 2731 factem
733 2669 843 2730 uiolare
865 2680 896 2730 et
914 2670 1027 2731 Graecis
1041 2673 1176 2733 omnibus
1190 2675 1259 2737 iusi·

161 2766 245 2839 dieti,
263 2784 299 2825 eo
312 2762 457 2825 difficilius
470 2762 510 2823 sit
521 2763 645 2823 sundere
660 2762 730 2840 quid
751 2762 800 2841 egi
822 2764 985 2824 conveniat.
1028 2764 1062 2823 In
1083 2785 1175 2826 ceusu
1192 2766 1259 2829 haec

159 2867 239 2929 sunt,
252 2856 331 2937 quod
343 2874 411 2941 curn
424 2874 526 2917 omnes
539 2854 570 2928 ii,
593 2854 798 2929 Athenienses,
819 2856 870 2933 qui
883 2856 1080 2933 perinjurium
1093 2856 1161 2936 plus
1172 2879 1258 2939 nequo

160 2950 380 3031 concupiscunt,
401 2947 479 3008 facto
497 2946 651 3039 coepcendi
672 2947 731 3007 sint
750 2956 781 3007 et
801 2946 976 3022 actionibus,
990 2968 1049 3007 non
1071 2951 1259 3027 umbonibus,

160 3042 284 3123 primum
305 3059 361 3099 nos
385 3038 435 3119 qui
459 3050 631 3121 suggestum
651 3038 875 3099 conscendimus
887 3038 954 3099 boec
971 3040 1129 3115 decernere
1145 3052 1176 3102 et
1188 3064 1258 3105 sua·

158 3132 240 3219 dere,
264 3142 343 3191 metu
364 3140 469 3191 vestrm
492 3131 667 3203 offensionis,
689 3131 869 3202 dubitemus,
889 3151 956 3211 quae
977 3143 1075 3193 nutem
1095 3132 1145 3195 ille
1166 3146 1261 3213 gerat

158 3244 250 3307 quum
263 3223 372 3284 etrocIa
385 3232 415 3282 et
427 3221 534 3301 grevia,
547 3242 583 3283 en
596 3242 876 3285 commemoremus:
898 3223 1005 3283 deinde
1024 3243 1078 3285 ros
1100 3226 1259 3301 auditores,

159 3318 198 3379 sd
217 3334 303 3397 enque
322 3334 389 3376 cum
410 3314 467 3394 ipsi
491 3313 617 3375 dicende
639 3326 701 3375 turn
726 3316 844 3375 dicente
863 3315 921 3375 elio
939 3314 1141 3395 intelligendo,
1155 3318 1260 3381 melius
1281 3334 1285 3342 '

158 3408 297 3489 Philippo
323 3406 417 3487 pornti
443 3404 524 3478 estis,
545 3405 585 3465 ed
612 3424 648 3465 en
674 3424 743 3466 vero
767 3425 833 3486 quse
863 3426 943 3467 nuuc
967 3408 1006 3468 nb
1032 3407 1083 3469 iilo
1119 3424 1261 3490 geruntur

159 3500 353 3583 impedienda,
364 3498 482 3561 omnino
494 3498 565 3557 estis
578 3498 687 3579 ignari.
728 3498 834 3559 Evenit
856 3499 943 3580 igitur
962 3499 1044 3575 illud,
1068 3504 1182 3583 opinor,
1208 3526 1260 3567 ne·

157 3594 287 3657 cessario
304 3602 335 3653 et
353 3592 478 3651 fortusse
500 3592 584 3652 etiem
603 3601 703 3652 recte:
727 3601 763 3651 ut
781 3591 885 3671 quibus
902 3592 933 3653 In
955 3594 1042 3653 rebus
1057 3597 1172 3676 utrique
1192 3619 1258 3658 ver·

160 3686 263 3751 semini
277 3696 307 3747 et
320 3685 485 3755 elaboratis,
503 3682 532 3743 iu
553 3682 600 3743 his
621 3682 706 3743 alteri
729 3684 827 3743 alteris
848 3686 1003 3764 prestetis,
1016 3687 1180 3748 actionibus
1196 3689 1257 3762 ille,

160 3802 213 3843 voe
236 3777 426 3841 orationibus.
468 3778 572 3857 Itaque
586 3776 611 3836 si
625 3796 704 3837 nuuc
718 3777 804 3837 etiam
814 3778 944 3855 nequiore
952 3779 1048 3839 dicere
1057 3782 1126 3839 satis
1134 3780 1259 3860 bebetis,
1299 3804 1306 3811 ·

160 3874 246 3937 Iscile
260 3872 290 3933 id
306 3870 425 3948 quidem
438 3879 492 3943 est,
506 3869 646 3949 nulloque
665 3868 765 3929 labore
788 3880 926 3955 constet:
956 3872 1013 3942 sin,
1040 3881 1074 3931 ut
1092 3870 1141 3931 hIc
1165 3881 1260 3933 statne

159 3984 257 4027 rerum
266 3963 437 4043 corrigatur,
446 3961 657 4043 providendum
668 3970 723 4031 est,
732 3981 770 4020 ne
783 3961 1014 4044 imprudentibus
1027 3962 1113 4021 nobis
1126 3963 1261 4027 omnibus

160 4066 226 4119 ruet
239 4056 269 4115 In
285 4054 423 4125 deterius,
437 4073 509 4113 neve
523 4054 635 4113 infinita
649 4052 750 4133 alique
772 4052 920 4115 imminent
933 4049 1018 4113 nobis
1036 4054 1177 4136 potentia,
1191 4078 1260 4121 cum

160 4168 220 4231 que
240 4166 278 4207 ne
299 4147 439 4225 congredi
452 4145 568 4223 quidem
589 4145 701 4214 licebit,
723 4165 782 4205 non
805 4144 909 4207 endem
922 4147 996 4209 ratio
1024 4156 1071 4206 est
1096 4166 1162 4225 quoe
1180 4152 1261 4230 prins

160 4243 216 4302 init
229 4236 412 4309 consulendi,
432 4236 485 4299 ned
509 4248 539 4299 et
562 4247 690 4297 oratores
716 4256 817 4297 omnes
835 4247 866 4297 et
888 4256 941 4297 vos
956 4242 1104 4305 auditores
1117 4246 1287 4326 oportebitx

162 4335 273 4417 optima
286 4342 316 4393 et
329 4330 466 4393 salutaris
480 4330 622 4391 IucillimIs
636 4340 666 4391 ct
674 4329 897 4409 jucundissinnis
909 4339 1065 4407 anteferre.
