2934 5000
616 675 1057 810 osuosrrtsms

446 947 683 1026 CONTRA
718 936 1229 1020 ARISTOGITONEM

632 1152 818 1222 casuro
842 1153 1008 1220 aaron.
1126 1235 1132 1244 ,

337 1357 365 1418 i.
387 1357 407 1418 J
411 1375 595 1429 sunnonis,
608 1353 815 1426 Athenienses,
828 1351 899 1412 dum
920 1351 1063 1424 sederem,
1076 1361 1106 1412 et
1124 1361 1321 1429 accusantem
1344 1365 1396 1408 au·

252 1434 255 1442 ¹
289 1448 396 1532 Idicem,
410 1459 444 1509 ut
455 1467 519 1524 vos,
530 1450 706 1530 Lycurgum,
721 1457 819 1508 cetera
831 1443 969 1526 praeclare
982 1461 1049 1506 euru
1063 1443 1159 1504 dicere
1169 1444 1288 1524 putavi,
1303 1463 1396 1502 unum

216 1580 219 1585 >
293 1558 359 1602 sum
377 1542 512 1618 miratus,
527 1561 593 1603 cum
607 1541 793 1602 vehementer
806 1537 1031 1602 contendentem
1044 1537 1182 1608 viderem,
1198 1553 1237 1595 an
1255 1535 1333 1595 iiiud
1353 1535 1395 1614 tg-

294 1644 421 1702 noraret,
434 1652 533 1696 caussa
545 1633 632 1713 bajus
647 1633 826 1710 aequitatem,
839 1649 933 1708 neque
955 1639 1072 1710 propter
1092 1648 1111 1688 a
1128 1647 1160 1688 se
1179 1627 1328 1698 habitam,
1345 1649 1394 1686 ne·

292 1743 353 1803 que
365 1736 513 1804 proptera
525 1745 572 1784 me
581 1725 749 1784 habendam
762 1723 933 1792 orationem,
941 1722 1004 1780 iore
1023 1721 1154 1780 firmam:
1173 1721 1232 1780 sed
1242 1721 1312 1800 ejus
1324 1741 1395 1800 pen-

293 1815 364 1875 dere
376 1817 451 1876 uires
464 1835 503 1875 ex
513 1816 657 1894 cujusque
673 1825 801 1874 restrum
814 1812 860 1872 rei
874 1811 951 1884 odio,
966 1811 1013 1872 rei
1026 1811 1239 1892 approbatione
1253 1813 1394 1892 improbi·

293 1906 375 1966 tatis.
409 1906 456 1964 Ac
475 1923 532 1983 ego
555 1923 627 1964 sane
646 1904 781 1976 existimo
794 1905 1022 1976 accusationem,
1036 1904 1251 1982 uerborumque
1267 1904 1396 1982 copiam,

185 2073 190 2082 Δ
291 2005 413 2075 propter
421 1994 711 2067 comueardinem,et
719 2005 846 2054 vestram
857 1995 1097 2056 auscultationem
1106 2011 1173 2055 esse
1181 1995 1394 2065 adhibendam,

292 2086 346 2148 sed
359 2086 446 2166 hujus
458 2085 568 2165 negotii
577 2085 731 2166 judiciam,
742 2107 794 2167 pro
807 2105 861 2148 suo
874 2105 1020 2166 quemque
1033 2085 1159 2166 ingenio,
1174 2087 1268 2145 domo
1282 2087 1394 2166 pridem

291 2197 393 2238 secum
409 2179 561 2250 attulisse3
579 2188 612 2239 et
627 2197 716 2250 nunc,
740 2181 765 2239 si
786 2179 885 2259 piures
906 2178 980 2249 sitis,
992 2179 1043 2256 qui
1061 2178 1166 2238 ametis
1184 2178 1351 2258 improbos,
1366 2191 1392 2238 et

289 2269 444 2341 tueamini,
458 2270 578 2350 periisse
590 2271 676 2331 uobis
687 2271 784 2332 omnia
798 2271 885 2330 rerba
895 2289 961 2348 quos
975 2268 1109 2343 fecimus,
1122 2269 1168 2329 sia
1182 2269 1319 2340 oderitis,
1334 2289 1393 2349 ρω-

292 2381 348 2424 nas
361 2363 460 2434 istum,
474 2362 499 2422 si
514 2362 588 2426 deus
603 2362 737 2443 voluerit,
751 2363 884 2424 daturum
897 2381 972 2422 esse.

332 2458 363 2518 2.
386 2453 462 2517 Cum
483 2467 581 2517 autern
599 2455 792 2517 multarerba
805 2456 884 2516 sacta
905 2455 972 2528 sint,
991 2472 1083 2535 eaque
1099 2462 1179 2515 recte
1199 2453 1313 2527 omnia,
1332 2473 1390 2515 nou

289 2554 389 2611 tumen
401 2548 496 2607 dicere
509 2547 660 2621 dubitabo,
669 2548 741 2626 quid
751 2546 819 2607 mibi
833 2546 976 2607 videatur.
1002 2546 1067 2626 Ego
1079 2565 1199 2607 causam
1211 2545 1295 2607 hanc
1310 2548 1390 2609 nulla

291 2624 449 2721 repressus
456 2640 611 2701 convenire
618 2649 692 2720 puto
700 2658 766 2698 cum
776 2640 891 2699 ceteris.
913 2639 1136 2715 Quantosne,
1150 2637 1194 2698 sic
1206 2624 1390 2717 intelligetis.

290 2732 343 2793 ‘Ad
352 2733 449 2793 omnia
458 2732 573 2812 judicis
585 2733 717 2803 veniunt,
726 2731 856 2812 judices,
868 2750 929 2791 rem
941 2752 978 2792 ex
993 2740 1161 2793 accusatore
1174 2740 1206 2789 et
1218 2749 1271 2790 reo
1287 2734 1391 2811 cogni·

292 2826 361 2898 turi,
375 2824 412 2885 de
425 2843 484 2902 qua
497 2824 552 2884 erit
563 2822 829 2902 pronunciandum:
851 2823 1018 2896 adversarii,
1031 2832 1201 2882 ostensurus
1217 2832 1344 2903 uterque
1358 2844 1389 2884 se

292 2914 428 2994 praesidia
439 2912 538 2993 legum
557 2913 665 2975 babere
679 2912 771 2973 firma.
805 2914 913 2974 Causa
933 2926 1030 2989 autern
1044 2914 1129 2989 hujus
1142 2934 1208 2992 quae
1229 2914 1307 2973 ratio
1322 2914 1391 2974 esti

293 3006 356 3063 Vos
365 3004 572 3063 controversie
586 3000 795 3084 disceptatores
809 3004 931 3079 adestis,
944 3026 1009 3065 cum
1025 3006 1116 3086 magis
1129 3024 1217 3083 quam
1230 3022 1287 3065 uos
1302 3026 1389 3067 accu-

292 3104 405 3155 satores
418 3094 528 3165 sciatis,
540 3106 571 3154 et
584 3096 718 3155 erarium
737 3114 804 3156 esse
824 3096 923 3168 istum.
943 3108 974 3158 et
987 3098 1126 3177 scriptum
1141 3096 1170 3156 in
1189 3116 1268 3167 arce,
1286 3116 1344 3159 uec
1363 3100 1390 3159 ei

291 3188 379 3249 licere
393 3186 421 3246 in
440 3186 559 3267 publico
572 3186 672 3247 dicere
683 3188 797 3267 (itaque
811 3198 939 3250 vestrum
955 3191 1078 3270 quisque
1093 3191 1273 3250 accusatoris
1295 3191 1390 3251 ricem

293 3281 414 3353 obtinet,
436 3289 467 3339 et
487 3298 607 3340 causam
622 3288 716 3349 tenet,
735 3296 830 3359 neque
850 3296 973 3341 necesse
992 3280 1082 3341 habet
1106 3296 1171 3340 eam
1192 3288 1390 3359 cognoscere)

292 3391 359 3434 reus
368 3382 467 3433 sutem
476 3369 604 3449 proesidii
612 3388 730 3451 prorsus
740 3369 908 3431 nibiibabet
917 3370 955 3431 ad
965 3371 1203 3443 incolumitatem,
1211 3372 1391 3450 nonjustam

291 3482 391 3525 mussa
410 3462 613 3534 defensionen,
635 3480 694 3521 non
714 3460 802 3521 vitam
823 3460 988 3522 humaniter
1007 3472 1113 3533 actam,
1136 3480 1198 3521 non
1218 3460 1301 3521 aliud
1320 3464 1391 3523 boni
1423 3526 1428 3537 „

290 3554 457 3630 quicquam,
478 3553 530 3611 sed
551 3571 617 3631 qum
638 3551 726 3611 etiam
747 3550 855 3611 insonti
875 3562 1012 3613 terrorem
1033 3553 1206 3623 incuterent,
1225 3572 1279 3630 per
1301 3574 1339 3615 ea
1358 3576 1391 3616 se

290 3641 354 3703 fore
367 3642 540 3701 incolumem
554 3644 718 3703 arbitranti:
737 3644 825 3721 Spem
839 3642 917 3702 enim
929 3642 1031 3703 salutis
1045 3662 1107 3703 suas
1119 3644 1268 3721 in'in'sigui
1280 3646 1391 3725 impro-

290 3734 385 3807 bitate
407 3733 543 3793 coltocaa
572 3736 728 3799 Quacum
743 3736 783 3794 its
796 3734 864 3806 sint,
879 3742 958 3795 recte
978 3734 1037 3794 dici
1049 3744 1149 3813 queat,
1169 3734 1283 3815 opinor,
1307 3756 1390 3797 rcum

293 3847 360 3889 esse
372 3844 451 3885 nuuc
464 3824 705 3903 Aristogitonem,
711 3825 853 3904 judicium
864 3836 960 3885 nutem
971 3826 1032 3887 ficri
1047 3828 1083 3887 de
1092 3827 1185 3897 vobis,
1200 3836 1230 3887 et
1238 3826 1390 3892 existima-

293 3922 402 3981 donem
414 3918 464 3997 agi
482 3926 619 3977 vestram.
660 3916 739 3977 Nam
754 3917 778 3976 si
793 3916 973 3978 iracundiam
991 3918 1021 3979 in
1035 3918 1109 3979 adeo
1122 3920 1235 3999 magnis
1251 3932 1282 3981 ct
1296 3922 1391 3981 mani-

292 4012 376 4073 t'estis
386 4010 544 4072 sceleribus
554 4009 750 4082 declarabitis,
760 4019 791 4068 et
804 4010 986 4070 severitatem
997 4022 1135 4083 vestram,
1149 4021 1182 4072 ut
1189 4009 1306 4092 judices
1321 4034 1389 4074 esse

292 4124 345 4164 ros
359 4114 391 4164 et
402 4104 503 4182 iegu'm
516 4102 664 4174 custodes,
678 4111 712 4160 ut
725 4102 802 4173 estis,
820 4101 970 4179 ingressos
988 4103 1152 4181 putabunt:
1176 4104 1257 4182 quod
1271 4106 1296 4165 si
1315 4106 1388 4186 quid

292 4195 372 4255 aliud
386 4195 432 4254 bis
447 4194 514 4274 plns
534 4194 666 4264 valuerit,
680 4193 760 4272 quod
780 4193 834 4252 etsi
848 4212 933 4253 nemo
948 4213 981 4253 se
996 4194 1099 4255 fecisse
1112 4194 1261 4267 fatebitur,
1277 4196 1307 4255 in
1324 4200 1388 4259 sui'·

291 4288 392 4366 fragiis
406 4297 503 4347 tamen
515 4286 673 4367 apparebit,
684 4305 797 4359 vereor,
811 4286 963 4365 aequoris
977 4306 1028 4347 eos
1043 4296 1171 4367 tempore
1185 4288 1235 4365 qui
1246 4290 1389 4351 studeant

291 4397 357 4438 esse
368 4366 488 4460 imbrobi
496 4377 526 4437 in
534 4378 692 4457 republica,
703 4390 842 4456 tanquam
852 4377 964 4439 lanista
975 4378 1149 4458 quibusdam
1161 4398 1295 4442 exercerc
1309 4382 1385 4444 veile
