2934 5000
406 328 576 394 coritas
603 329 942 416 hursnocnnrstu.
1144 342 1207 401 ars

109 478 228 545 difficile
240 478 453 547 existimaverit.
497 491 583 548 Nunc
597 490 681 549 istius
700 491 741 549 rei
755 500 833 549 metu
847 490 957 561 multis,
971 494 1067 553 minus
1081 494 1204 557 iniusso

107 566 233 651 disertis,
248 580 300 637 sed
319 580 484 639 melioribus
501 594 581 641 certe
601 584 677 653 viris,
702 599 790 663 quem
809 574 981 661 eloquentes
998 586 1047 643 isti
1067 579 1147 658 sunt,
1164 606 1204 650 ne

105 667 240 744 cogitare
262 668 378 747 quidem
399 672 554 749 quicquam
579 672 615 731 de
637 674 786 751 republica
809 674 838 731 iu
862 685 989 732 mentem
1009 678 1097 737 veuit.
1139 681 1205 759 Ego

110 770 324 820 sebe-omnes
338 760 440 839 adjuro
449 761 648 840 deos-idque
657 764 738 822 vobis
747 763 867 821 dubium
881 782 1016 823 essenon
1030 766 1127 840 debet,
1141 771 1205 849 ipse

109 864 226 927 quoque
241 854 278 911 nb
291 853 477 928 accusatione
490 853 547 911 hec
563 852 852 924 abhorruissem,nisi
863 854 1069 934 turpissimum
1073 859 1206 937 judicss-
1310 899 1322 920 ι

108 940 182 1011 sem,
197 958 274 1001 nunc
287 943 436 1021 quiescere
450 952 481 1001 et
503 940 599 1013 silere,
613 944 683 1001 dum
697 944 841 1021 quosdam
863 944 996 1004 homines
1014 960 1075 1006 rein
1094 952 1206 1013 civitati

30 1082 34 1091 .
109 1046 170 1089 non
184 1029 394 1092 conducibilem
408 1042 518 1093 struere
535 1032 628 1107 video,
643 1050 710 1093 cum
725 1036 815 1113 prius,
824 1046 1021 1116 quotempore
1031 1042 1206 1106 trierarchus

95 1122 141 1179 'in
164 1124 389 1203 Hellespontum
411 1125 511 1197 ieram,
528 1126 615 1185 verba
634 1126 763 1201 fecerim,
775 1139 806 1186 et
830 1130 990 1187 mcusanm
1008 1132 1165 1197 nonnullos
1186 1158 1207 1199 e

110 1214 218 1292 quibes
229 1216 295 1275 leedi
312 1234 363 1276 vos
373 1218 553 1296 judicabam.

152 1302 183 1366 3.
205 1308 267 1367 Etsi
281 1318 380 1367 sutem
400 1328 458 1367 non
472 1308 576 1387 ignoro
594 1327 660 1370 esse
674 1312 779 1389 quibus
795 1308 989 1373 Charidemus
1001 1316 1039 1374 de
1057 1323 1208 1406 republica

107 1400 186 1455 hene
198 1398 320 1458 meritus
334 1418 400 1458 esse
419 1400 563 1467 rideatur.
576 1418 632 1479 ego
651 1411 758 1474 brnen,
780 1404 805 1461 si
824 1420 862 1462 ea
876 1422 943 1483 quse
960 1406 1027 1465 volo
1046 1419 1078 1467 et
1098 1413 1136 1469 ah
1156 1414 1207 1475 illo
1234 1464 1243 1472 ,

108 1500 279 1569 petpetrtts
293 1507 357 1552 esse
377 1492 449 1563 scio,
462 1493 541 1572 epud
555 1508 608 1553 ros
621 1510 769 1572 exponere
781 1508 894 1575 potero,
907 1497 1027 1556 conlido
1045 1516 1094 1559 ma
1109 1514 1207 1565 ostes-

79 1574 84 1583 ’
112 1597 225 1655 sutum,
244 1585 325 1643 illum
342 1586 415 1645 adeo
430 1604 488 1645 non
503 1602 568 1646 esse
581 1587 657 1645 berre
671 1587 817 1659 meritum,
832 1592 963 1667 utineino
973 1591 1100 1650 omnium
1114 1594 1208 1655 homi·

112 1688 183 1733 num
205 1676 371 1755 reipublio're
385 1677 469 1756 pejns
482 1677 561 1749 velit,
575 1686 606 1736 et
620 1676 706 1755 longe
720 1678 807 1737 sliam
822 1679 862 1737 de
881 1693 918 1738 eo
933 1693 1105 1761 conceptam
1120 1704 1208 1764 marn

110 1770 267 1829 conveniat
288 1771 462 1849 opinionem.
500 1770 590 1836 Quod
614 1772 648 1841 si,
672 1771 881 1845 Athenienses,
901 1793 1016 1837 summa
1041 1776 1107 1837 hssc
1127 1793 1211 1842 esset

114 1856 299 1921 Aristocratis
313 1862 428 1941 injuria,
443 1862 522 1940 quod
537 1861 714 1932 Charidemi,
729 1864 779 1941 qui
792 1864 858 1922 telis
869 1875 928 1936 est,
943 1867 1058 1943 qualem
1071 1866 1137 1929 eum
1151 1892 1209 1951 ego

110 1972 178 2012 csse
190 1954 270 2012 vobis
285 1974 331 2012 me
345 1963 528 2012 ostensorum
544 1954 622 2025 dico,
637 1964 750 2014 tentam
764 1956 794 2013 in
812 1954 931 2038 decreto
949 1959 1089 2019 tationem
1110 1962 1208 2037 habet,

113 2056 157 2114 ut,
173 2045 267 2123 siquid
281 2046 308 2103 ei
324 2045 488 2115 accidisset,
501 2044 689 2122 peculiarem,
703 2062 825 2123 eamque
838 2047 952 2125 iegibus
967 2054 1143 2112 contrarium
1163 2056 1209 2114 ul-

112 2138 223 2194 tionem
239 2137 276 2193 sit
285 2136 417 2213 largitus,
430 2134 528 2212 idjam
542 2132 624 2194 vohis
636 2154 779 2214 exponere
793 2138 1000 2197 instituissem:
1022 2152 1055 2200 ut
1064 2143 1209 2223 intellige-

113 2229 184 2287 retis
198 2227 285 2306 longe
305 2229 409 2285 abesse
430 2237 462 2284 ut
483 2226 534 2284 tali
554 2226 811 2285 senatusconsulto
829 2219 925 2287 otheri
943 2243 1109 2292 mereator:
1129 2234 1212 2297 nnnc
1283 2218 1287 2234 ι

5 2396 9 2401 Δ
111 2320 283 2397 penipshrn
306 2316 592 2376 senatusconsultum
613 2316 691 2375 eliud
711 2316 828 2394 gravius
852 2317 992 2377 delictum
1011 2319 1211 2401 committitur,

111 2407 194 2488 quod
212 2411 294 2469 vobis
312 2410 391 2489 prius
406 2420 437 2468 et
451 2410 689 2488 cognoscendum
704 2418 751 2467 est
764 2420 793 2467 et
803 2410 1039 2487 praecavendum.
1066 2414 1211 2493 imprimis

112 2513 211 2561 autem
226 2503 370 2581 explicere
380 2521 501 2562 necesse
515 2494 660 2580 estatque
671 2502 989 2580 ostendere,‚quidnam
1001 2498 1120 2566 sitillud
1131 2514 1211 2588 qnod

113 2595 210 2654 ellecit
223 2605 256 2653 ut
273 2593 460 2655 Chersoneso
484 2612 586 2654 secure
605 2594 788 2677 potireminip
809 2611 869 2672 qno
884 2596 1012 2672 cognito,
1033 2614 1098 2656 mm
1117 2603 1210 2662 etiam

113 2704 201 2766 qnam
213 2687 280 2746 dico
294 2687 425 2765 injuriam
440 2689 593 2766 perspicue
606 2687 740 2745 cernetis.

155 2783 184 2838 4.
207 2780 274 2838 lloc
295 2791 402 2850 eutem,
423 2779 628 2848 Athenienses,
649 2779 691 2837 sic
709 2777 818 2837 hahet:
840 2779 935 2858 Cotye
957 2779 1110 2854 defuncto,
1129 2784 1213 2868 lieri·¹

112 2871 211 2942 sedes,
227 2872 394 2930 Amodoohs
409 2881 438 2929 et
451 2871 668 2950 Cessobleptes,
684 2881 744 2929 tres
758 2889 811 2948 pro
825 2888 884 2929 uno
897 2871 1030 2930 'lbraciae
1042 2891 1128 2952 reges
1142 2877 1212 2936 lecti

98 2973 195 3022 sunt.
225 2964 340 3030 Quaen
354 2963 428 3021 reid
443 2964 575 3041 contigit,
590 2963 691 3042 stipsi
710 2961 866 3022 interesse
887 2962 1093 3034 dissentepties
1107 2968 1211 3029 Adros
1314 2997 1320 3006 ·

111 3075 149 3113 —se
170 3055 335 3113 conlerr'ent
354 3073 465 3132 vosque
481 3055 624 3114 colerent.
655 3054 721 3114 lloc
743 3055 841 3132 igitur,
864 3054 1071 3129 Athenienses,
1093 3061 1212 3137 quidam

110 3148 187 3208 utum
201 3145 341 3221 repellere
354 3145 468 3213 volunt,
485 3155 517 3203 et
529 3145 647 3224 reliquis
667 3145 785 3223 regibus
799 3147 947 3222 abrogatis
961 3167 1104 3211 summum
1122 3155 1212 3212 toties

117 3235 229 3315 imperii
247 3235 284 3292 ad
307 3235 517 3313 Cessohlepten
537 3236 701 3306 devolvere,
721 3236 827 3294 callide
847 3237 904 3293 hoc
924 3243 1213 3303 senatusconsultum

115 3336 313 3395 extorserunt,
329 3326 353 3385 si
366 3327 454 3385 verbe
464 3335 642 3404 spectentur,
653 3326 819 3404 sejunm
830 3326 924 3384 stalis
933 3337 1056 3385 conatus
1065 3331 1212 3406 opinione,

115 3420 215 3498 seipse
226 3415 352 3476 maxime
366 3417 475 3477 adhoc
489 3417 754 3504 accommodetnm,
768 3426 803 3474 ut
816 3435 873 3492 ego
887 3412 1011 3475 docebo.
1048 3419 1124 3478 Nam
1140 3443 1213 3483 enm

114 3513 256 3574 deiuncto
267 3527 368 3586 regum
382 3529 442 3568 uno
457 3509 607 3580 Berisade,
619 3509 759 3584 neglecto
765 3507 956 3586 jurejurando
970 3519 1000 3567 et
1009 3511 1213 3591 doedereqsrod

117 3603 269 3662 vobiscum
281 3601 403 3670 deceret,
418 3601 626 3678 Cersobleptes
639 3600 749 3658 bellum
767 3610 798 3660 et
812 3599 960 3657 beessus
974 3601 1071 3660 liveris
1080 3614 1111 3662 et
1124 3606 1213 3666 Ame-

118 3697 194 3754 doco
208 3693 362 3759 intulisset,
383 3695 549 3771 constabat,
567 3693 716 3752 Berisedoe
735 3691 832 3750 liberis
852 3693 1071 3752 Athenodorum
1088 3699 1213 3775 opitula-

119 3802 226 3859 tum,
241 3788 389 3847 Amadoco
402 3788 549 3845 Simonem
565 3797 594 3845 et
608 3786 782 3853 Bianoremc
804 3805 871 3842 nem
886 3785 935 3843 ille
947 3787 1096 3846 Berisadre
1106 3790 1212 3856 affinis,

117 3883 147 3939 hi
161 3881 304 3940 Amadoci
317 3881 445 3940 luerunt.
473 3880 648 3957 cogitantes
662 3879 760 3957 igitur,
775 3897 901 3956 quonam
915 3881 1003 3938 morlo
1016 3881 1045 3938 hi
1056 3883 1213 3958 compesci,

118 3985 207 4050 etque
221 3971 277 4031 illis
293 3971 420 4031 desertis
435 3971 638 4039 Charidemus,
654 3971 701 4048 qui
711 3989 841 4048 uegrruru
866 3971 1066 4047 Cersobleptre
1085 3971 1213 4036 stabilire

113 4074 250 4134 -cmotur,
266 4063 338 4122 citra
351 4063 510 4140 periculum
526 4063 693 4120 subvertere
713 4071 814 4140 posset
828 4062 934 4131 omnio,
948 4063 977 4118 id
992 4063 1052 4120 lieri
1066 4083 1153 4139 posse
1167 4084 1212 4123 re-

117 4165 259 4234 pererunt
273 4157 397 4233 primum
412 4155 559 4214 decretos
575 4155 654 4211 vobis
670 4155 832 4230 impetrato,
849 4153 938 4226 siquis
956 4171 1023 4208 eum
1046 4154 1214 4227 occidisset,

119 4261 153 4306 ut
166 4248 265 4304 liceret
277 4246 318 4304 illi
328 4245 448 4323 injicere
464 4265 586 4305 manus:
614 4246 728 4313 deinde,
744 4245 768 4301 si
784 4243 977 4300 Charidemus
992 4263 1009 4299 a
1027 4245 1108 4301 vohis
1123 4246 1212 4325 impe-

119 4351 197 4398 rator
210 4338 420 4414 designaretur.
443 4339 545 4415 Neque
563 4337 639 4393 enirn
661 4345 762 4392 contra
775 4336 977 4411 imperatorem
992 4345 1117 4394 vestrum
1133 4357 1214 4398 arina

121 4445 228 4490 temere
243 4429 352 4489 laturos
364 4447 431 4488 esse
448 4429 593 4488 Simonem
608 4439 638 4484 et
653 4425 804 4484 Bienorem
819 4443 838 4483 a
852 4426 933 4484 robis
946 4426 1062 4487 ciuitate
1073 4430 1214 4504 ,donatos
