2934 5000
214 409 216 414 ,
241 337 304 398 254
486 329 542 394 DE
563 325 676 392 tanta
697 323 833 390 GESTA
853 321 1107 386 taetriores.

240 505 307 552 cum
318 489 374 550 rim
387 497 473 548 ettot
488 497 545 548 sta
554 485 585 546 in
596 496 660 548 tota
669 487 772 546 muers
781 481 896 547 imidlis
911 481 1112 562 appamenus
1122 479 1250 542 duarum
1266 499 1350 545 nunc

237 583 308 642 mihi
318 597 414 644 mmm
428 580 513 640 detur
526 580 616 660 optio,
624 589 676 639 sut
689 589 722 638 ut
731 574 834 638 utin
847 584 980 636 amorum
989 583 1156 634 mauram
1165 575 1265 634 socius
1276 593 1347 637 esse

239 675 349 744 ridear,
357 683 408 733 aut
417 690 470 732 uos
486 663 520 732 ut
530 687 677 744 musam,
687 687 744 750 ego
757 687 826 730 vero
838 677 922 726 tuum
931 683 980 726 ms
994 665 1139 744 collegam
1151 664 1241 725 fuisse
1254 685 1348 745 nego,

154 791 156 796 ·
241 777 272 830 et
281 779 311 828 te
319 769 348 826 in
360 767 507 846 legatione
515 766 609 826 mults
619 777 650 825 et
662 783 721 825 uon
734 762 855 823 terenda
867 761 1059 839 designasset
1081 767 1113 816 et
1123 776 1160 816 ea
1172 777 1219 817 me
1235 758 1347 818 fecisse

240 861 319 932 dico,
333 874 401 938 quaa
414 867 514 918 emant
526 855 694 936 reipublicae
708 855 874 916 utilissima.
895 851 1078 912 Philocrates
1092 850 1211 928 quidem
1230 851 1349 930 collega
1391 888 1400 899 a
1432 909 1436 914 ,

238 961 309 1012 tuus
319 945 385 1020 ltn‘l,
397 959 429 1009 et
441 959 474 1009 tu
492 950 581 1022 illius,
591 958 622 1008 et
633 949 761 1027 Phryne.
782 949 846 1005 Vos
854 945 934 1005 enim
947 945 1005 1003 ista
1017 942 1181 1020 agitsbetis,
1195 941 1254 1000 ista
1263 942 1345 1001 vobis

156 1031 164 1042 ⁴
239 1045 374 1118 omnium
389 1041 597 1122 probabantur.
619 1039 679 1100 Ubi
692 1049 791 1100 autem
810 1037 876 1098 sall
896 1033 947 1096 ubi
959 1033 1083 1095 mensal
1103 1033 1154 1093 ubi
1166 1033 1344 1092 libationes?

239 1135 306 1194 llos
317 1135 394 1194 enlm
405 1134 512 1210 passim
523 1134 633 1210 tragice
644 1130 821 1200 declamitant,
832 1129 917 1207 qnasi
930 1145 990 1187 non
1000 1126 1135 1186 homiues
1144 1124 1239 1200 injurii
1247 1142 1345 1184 rerum

239 1227 353 1287 illarum
364 1223 424 1284 siut
436 1223 608 1302 proditores,
625 1223 679 1281 sed
692 1224 712 1282 ii
726 1223 777 1302 qui
795 1223 892 1279 officio
906 1223 1078 1295 iunguntur.
1101 1219 1167 1294 Ego
1184 1236 1253 1275 vero
1272 1218 1344 1288 scio,

239 1336 290 1380 eos
303 1335 404 1379 omnes
418 1315 469 1394 qui
480 1331 602 1372 summm
619 1329 714 1371 rerum
733 1320 874 1390 praesunt,
892 1327 1005 1388 semper
1023 1326 1084 1365 rem
1100 1307 1230 1367 divinam
1247 1309 1343 1367 lacere

131 1429 137 1436 ·
239 1411 442 1480 communiter,
458 1416 489 1465 et
501 1421 674 1466 concursare
683 1405 760 1462 inter
775 1423 819 1472 se,
833 1411 864 1462 et
872 1421 932 1460 una
940 1400 1147 1476 liberatusque
1164 1409 1264 1459 umen
1274 1419 1343 1480 pro-

237 1513 340 1584 pterea
353 1501 424 1560 boni
440 1499 533 1558 malos
547 1497 704 1568 imitantur,
718 1495 772 1554 sed
790 1493 815 1555 si
828 1511 916 1572 quem
926 1507 1045 1552 suorum
1055 1489 1086 1547 in
1099 1489 1229 1551 facinore
1241 1491 1345 1570 depre-

236 1594 405 1663 henderint,
421 1591 500 1672 apud
514 1599 647 1650 senatum
659 1599 689 1648 et
702 1585 844 1668 populum
859 1587 1004 1645 deterunt.
1032 1585 1158 1642 Senatus
1178 1584 1249 1644 item
1262 1601 1343 1644 com·

238 1687 340 1747 munia
350 1701 435 1744 sacra
443 1684 534 1742 habet
544 1681 750 1760 auspiciorum,
762 1678 929 1738 communia
938 1675 1089 1735 convivaz
1103 1694 1164 1734 una
1172 1676 1275 1748 libant,
1284 1695 1345 1735 una

239 1777 406 1838 sacrificant
415 1775 515 1846 duces,
526 1791 629 1853 parum
640 1775 733 1844 abest,
744 1772 815 1850 quin
823 1770 1013 1850 magistratus
1025 1768 1123 1828 dicam
1130 1787 1241 1827 omnes.
1256 1769 1343 1827 Nun·

239 1868 311 1948 quid
332 1877 486 1947 propterea
506 1864 627 1942 collegis
642 1865 878 1943 delinquentibus
891 1862 965 1921 dant
977 1859 1197 1940 impunitatem?
1221 1861 1343 1921 minime

239 1977 317 2019 vero.
358 1959 418 2017 Leo
436 1956 620 2035 timagoram
638 1956 796 2027 accusarit,
818 1973 887 2014 cum
902 1954 1125 2034 quadriennium
1143 1953 1174 2010 in
1192 1951 1343 2031 legatiom

237 2051 304 2110 oum
324 2067 360 2108 eo
380 2047 504 2106 inisset:
528 2046 658 2106 Eubulus
681 2045 867 2116 Tharrecem‚
889 2055 921 2104 et
935 2045 1129 2125 Smicythum,
1148 2061 1216 2104 cum
1234 2045 1342 2122 quibua

238 2157 572 2219 cunimunemrmensam
591 2140 710 2198 habuit:
733 2139 818 2198 Ceno
834 2137 974 2216 antiquus
993 2137 1055 2207 ille,
1074 2137 1276 2211 Adimantum,
1288 2140 1342 2198 iot·

239 2227 311 2313 peili
325 2229 455 2292 militaris
470 2231 591 2292 socium.
613 2232 678 2292 Utri
692 2232 790 2311 igitur,
800 2230 949 2303 AEschine,
958 2229 1048 2289 saleru
1063 2238 1094 2289 et
1106 2229 1260 2290 libationes
1270 2249 1342 2310 neg-

239 2323 390 2404 ligebant?
412 2325 474 2384 line
491 2323 541 2404 qui
562 2325 733 2404 prodebant,
746 2333 777 2383 et
790 2323 965 2403 legationem
979 2323 1223 2403 ementiebantur,
1242 2333 1272 2382 et
1284 2324 1342 2383 lar·

178 2407 215 2480 ‚⁸
239 2417 397 2498 gitionibus
411 2419 681 2495 corrumpebantur,
703 2435 741 2476 an
760 2417 780 2476 ii
800 2417 852 2495 qui
872 2417 1075 2476 accumbenti
1095 2418 1119 2476 li
1133 2417 1275 2490 nimirum,
1288 2417 1342 2496 qui

239 2512 329 2571 totius
344 2512 446 2590 patriae
458 2510 611 2570 libationes
624 2510 783 2580 violabant,
797 2519 831 2569 ut
843 2520 886 2583 tu,
907 2518 938 2569 et
951 2528 1011 2571 non
1024 2507 1118 2569 solum
1132 2510 1271 2590 privatas.

106 2656 109 2666 ,
148 2624 151 2633 “
241 2624 249 2633 ·
280 2606 330 2662 68.
353 2602 394 2659 Ut
407 2610 504 2659 autem
517 2601 703 2661 sciatis-istos
717 2618 777 2659 non·
791 2619 891 2659 eorum
906 2602 998 2661 modo
1010 2602 1060 2680 qui
1073 2602 1190 2681 publice
1203 2621 1341 2681 unquam,

239 2694 293 2784 sed
306 2712 408 2755 eurum
422 2692 509 2752 mam
523 2693 573 2770 qui
591 2692 724 2769 privatim
747 2692 786 2751 ad
808 2691 974 2771 Philippum
994 2704 1148 2767 venerunt,
1166 2705 1255 2773 atque
1267 2695 1342 2755 adeo

238 2786 403 2849 mortalium
422 2785 551 2843 omniurn
565 2784 757 2861 nequissimos
774 2794 805 2843 et
818 2786 1047 2863 improbissimos
1066 2788 1226 2861 exstitisse,
1246 2789 1343 2868 pauca

239 2894 277 2937 ez
288 2894 335 2935 me
346 2876 455 2945 audite,
470 2894 538 2953 quae
549 2875 674 2933 adhunc
685 2875 862 2953 legationem
873 2876 945 2935 nihil
956 2877 1092 2937 attinent
1114 2878 1247 2958 Olyntho
1256 2892 1344 2961 capta

238 2967 391 3046 Philippus
411 2965 551 3045 Olympia
564 2966 747 3027 celebrabat:
770 2968 852 3028 adid
868 2978 965 3029 autem
985 2971 1161 3030 sacrificium
1174 2984 1205 3031 et
1218 2974 1341 3034 celebri-

238 3070 339 3131 tatem,
353 3074 456 3118 umnes
472 3058 598 3118 attidem
614 3070 818 3138 congregarat.
845 3060 930 3129 Quos
944 3079 1012 3121 cum
1030 3064 1177 3143 exciperet
1196 3066 1300 3144 epulis,
1311 3077 1343 3126 et

178 3165 180 3173 ·
206 3168 209 3175 “
238 3152 362 3212 victores
376 3149 491 3211 coronis
505 3159 633 3220 ornaret,
645 3150 844 3232 interrogabat
853 3154 1000 3233 Satyrum,
1010 3155 1154 3214 comicum
1163 3156 1342 3232 histrionem,

237 3264 290 3306 cur
303 3244 423 3304 tandem
444 3242 524 3303 solus
541 3243 613 3302 nihil
631 3244 817 3323 postularet?
837 3264 907 3303 num
927 3248 957 3304 in
980 3264 1013 3305 se
1034 3247 1146 3325 aliquas
1163 3248 1344 3323 sordes,aut

239 3338 367 3416 aliquam
382 3336 470 3397 animi
488 3354 559 3414 erga
571 3336 667 3415 ipsum
684 3334 877 3396 offensionem
896 3337 1112 3416 perspexisset?
1141 3338 1343 3419 Respondisse

239 3430 321 3489 aiunt
332 3430 479 3509 Satyrum,
492 3448 559 3509 quoe
568 3428 617 3487 alii
626 3429 816 3507 requirerent,
828 3445 927 3488 eorum
939 3429 994 3487 sibi
1007 3429 1079 3488 nihil
1089 3446 1155 3490 esse
1164 3450 1259 3511 opus:
1273 3452 1341 3513 quoe

238 3536 307 3577 sero
320 3520 383 3597 ipse
395 3519 518 3579 libenter
526 3521 697 3600 postularet,
713 3540 751 3581 ea
765 3520 903 3599 Philippo
915 3520 1032 3599 quidem
1047 3521 1117 3580 datu
1131 3542 1198 3585 esse
1211 3526 1342 3595 omnium

237 3608 385 3681 facillima,
399 3619 429 3668 et
440 3610 560 3683 donata,
575 3612 627 3670 sed
643 3612 733 3671 vereri
746 3630 789 3683 se,
803 3630 842 3671 ne
855 3611 1065 3689 repudiaretur.
1088 3612 1166 3672 Cum
1179 3607 1342 3691 sunnine

238 3703 335 3782 dicere
349 3698 498 3782 jussisset,
513 3712 543 3762 et
556 3705 713 3783 juvenilius
732 3704 843 3783 aliquid
863 3703 1036 3777 addidisset,
1056 3705 1175 3766 se'mhil
1196 3726 1254 3766 non
1273 3726 1342 3768 esse

238 3795 394 3867 iacturum,
413 3795 599 3873 respondisse
622 3798 701 3857 illum
716 3798 823 3868 lerunt,
845 3797 1078 3878 apollophanem
1102 3797 1265 3879 Pydnoeum
1286 3801 1342 3860 sibi

235 3892 327 3953 fuisse
341 3886 525 3966 hospitemet
538 3888 679 3957 amicum
695 3910 755 3968 quo
769 3910 821 3969 per
830 3883 952 3951 iusidias
964 3893 1101 3964 occisae
1119 3894 1341 3975 cognatisque,

155 4022 157 4031 x
235 3994 315 4045 metu
325 3981 492 4063 perterritis,
502 3980 605 4041 filiolas
616 3982 680 4061 ejus
691 3983 836 4060 puellulas
846 3983 1085 4064 Olynthum‚quo
1095 3988 1217 4046 tutiores
1227 3998 1338 4057 essent,

236 4077 437 4152 essentem.
473 4074 525 4134 Eae
545 4092 635 4146 nune,
656 4074 761 4153 iuquit,
780 4086 947 4155 expugnata
969 4078 1051 4148 urbe,
1071 4090 1179 4156 captae,
1198 4098 1288 4158 penes
1310 4088 1340 4138 te

237 4180 316 4241 sunt,
329 4180 416 4229 aetate
425 4173 487 4243 jam
500 4166 600 4226 nubili.
630 4164 690 4225 Eas
704 4187 721 4226 a
734 4176 764 4227 te
776 4176 855 4245 peto,
870 4180 901 4227 et
914 4188 1016 4247 quaeso
1030 4179 1063 4228 ut
1075 4169 1145 4228 mihi
1159 4169 1222 4229 des.
1238 4221 1244 4235 .
1259 4169 1341 4238 Quas

236 4260 262 4317 si
282 4260 351 4317 mihi
364 4259 489 4333 dederis,
503 4258 589 4337 quale
603 4278 712 4319 munus
730 4260 852 4321 daturus
867 4260 922 4332 sis,
940 4260 1041 4322 audire
1059 4272 1090 4321 et
1109 4276 1290 4341 cognoscere
1310 4272 1341 4321 te

235 4350 330 4409 velim.
351 4350 419 4418 Quo
432 4372 488 4432 ego
501 4352 572 4412 lucri
583 4352 654 4413 nihil
668 4352 785 4425 faciam,
794 4352 849 4414 sed
863 4373 914 4413 ees
927 4352 997 4413 dote
1010 4353 1083 4413 data
1094 4354 1228 4425 elocabo,
1243 4374 1340 4434 neque

235 4440 426 4513 committam,
453 4454 486 4501 ut
513 4442 622 4521 aliquid
641 4444 794 4525 indignum
814 4445 862 4507 sel
872 4432 975 4514 'nebia
998 4443 1045 4505 sel
1071 4457 1152 4524 patre
1179 4445 1338 4525 pennus.
1380 4508 1383 4511 Α
