2934 5000
242 254 304 343 'oss
613 272 971 339 commeministi.

243 452 349 498 museo
362 430 450 493 modo
465 430 599 511 agitarer,
616 448 783 509 quanquam
795 448 854 489 nec
866 428 994 487 omnium
1008 424 1236 499 desertissimas,
1245 446 1349 507 neque

244 526 329 585 rsimis
340 544 450 604 pauper
462 532 551 601 atque
560 524 656 601 inops,
671 520 743 599 quid
756 540 843 599 agere
856 519 992 591 debeam,
1004 516 1209 590 Athenienses,
1222 535 1284 578 non
1299 519 1348 577 in-

245 618 341 677 venio.
376 616 407 673 Si
426 615 496 693 quid
510 613 585 673 enirn
599 613 687 673 etiam
701 614 758 672 bac
771 613 809 670 de
822 630 854 670 re
863 611 926 688 jam
949 608 1106 670 dicendum
1130 620 1186 682 est,
1205 630 1267 669 nou
1279 612 1348 689 puri

245 725 386 786 aequoque
391 707 467 784 jure,
474 704 679 774 Athenienses,
686 704 809 764 vivimus
817 702 1036 781 cumopulentis
1044 720 1099 761 nos
1104 704 1269 761 tenuiores:
1282 722 1345 761 non

245 799 383 865 vivimus;
398 816 456 855 non
469 788 545 857 {sed
560 806 591 855 et
603 795 756 855 dilationes
769 794 891 853 sistendi
900 793 1064 872 sejudicio,
1075 812 1149 870 ques
1163 794 1216 872 ipsi
1229 792 1345 863 volunt,

245 891 287 949 eis
300 876 519 955 conceduntur:
541 897 571 948 et
583 886 695 966 injuriis
706 887 826 945 istorum
840 886 981 945 obsoletae
989 885 1052 963 jam
1065 896 1097 945 et
1107 885 1224 963 frigide
1237 886 1276 945 ad
1288 904 1346 945 vos

245 980 425 1058 perveniunt.
448 978 510 1039 Nos
519 988 615 1037 sutem
629 978 771 1057 reliquum
783 977 901 1055 vulgus,
911 976 936 1037 ui
948 976 1019 1055 qnid
1028 976 1344 1055 contigitreocntibus

247 1071 344 1131 adbuc
363 1070 477 1131 delictis
500 1070 530 1128 iu
539 1068 681 1148 judicium
703 1068 884 1127 adducimur.
911 1068 1052 1127 Ettestes
1072 1068 1182 1127 istisin
1206 1079 1345 1147 promptu

247 1171 326 1232 sunt,
340 1172 371 1221 et
391 1161 525 1223 advocati
547 1178 649 1219 omnes
665 1159 803 1250 expediti
821 1168 922 1219 contre
941 1177 1016 1218 nos·
1007 1159 1106 1217 ·mibi
1122 1178 1191 1218 uero
1206 1178 1346 1219 necuere

249 1256 350 1313 testari
360 1253 439 1314 velle
445 1252 590 1331 quosdam
603 1252 730 1311 cernitis.

290 1348 338 1405 33.
365 1344 404 1403 Et
415 1344 479 1403 hoec
496 1344 614 1424 quidem
633 1362 699 1403 cum
723 1344 859 1423 lacrymis
870 1335 982 1403 dixerit
1004 1344 1119 1421 uliquis,
1140 1347 1254 1424 opinor.
1281 1347 1345 1406 Sed

248 1439 343 1516 legem
357 1435 428 1497 mihi
441 1436 541 1508 recita,
556 1434 801 1515 quemadmodum
815 1444 970 1514 ceperam.
1011 1434 1126 1495 Recita.

751 1598 843 1657 LEX.

275 1726 302 1774 Si
312 1726 365 1788 quis
376 1724 549 1773 Atheniensium
563 1726 593 1772 ab
603 1724 680 1786 aliquo
689 1727 816 1787 receperit,
828 1733 867 1773 ent
876 1726 929 1787 ipse
939 1724 1007 1775 alteri
1015 1724 1106 1773 dederit
1115 1742 1122 1785 ς
1130 1733 1171 1773 eut
1178 1726 1293 1787 pollicitis
1303 1727 1346 1773 sli-

251 1818 309 1863 quos
324 1802 463 1861 corruperit,
482 1802 512 1848 sd
523 1802 649 1849 nomadum
660 1802 756 1862 populo,
766 1804 806 1849 vel
819 1802 930 1862 privatin
946 1802 1018 1850 elicui
1033 1802 1129 1858 uirium
1140 1804 1211 1849 modo
1228 1804 1346 1849 mins

249 1878 344 1925 ῑὶοιονο
354 1890 499 1937 quecunque,
510 1876 674 1937 ignominiosus
685 1878 928 1939 circumpectum
942 1878 1018 1935 liberi,
1030 1885 1078 1925 tum
1089 1878 1201 1939 quicquid
1212 1880 1265 1938 ejus
1273 1886 1319 1925 est.

249 1990 311 2049 Iste
324 2000 420 2048 autem
431 1999 490 2047 tam
501 1999 547 2047 est
559 1988 646 2048 homo
657 1990 760 2069 impius
773 2000 803 2048 et
818 1990 957 2068 pollutus,
971 1989 1048 2049 etad
1059 1990 1175 2069 quidvis
1185 1990 1343 2048 dicendum

249 2076 474 2156 faciendumque
488 2088 795 2157 paratus-verumne
809 2081 898 2138 sitan
918 2082 1036 2152 falsum,
1050 2082 1175 2140 amicum
1193 2091 1348 2160 oppugnet

250 2190 287 2231 eu
307 2170 463 2239 inimicum,
486 2170 515 2227 id
531 2188 623 2248 genus
640 2180 747 2242 cetera,
761 2171 845 2249 pensi
863 2172 933 2230 nibil
949 2172 1111 2243 habens-,
1127 2181 1160 2231 ut
1178 2190 1237 2242 me,
1256 2192 1343 2250 quem

250 2262 397 2325 homicidii
411 2261 589 2320 crimanatus
608 2261 714 2340 suerat,
729 2272 812 2321 tanto
826 2262 936 2321 sceiere
949 2265 1075 2338 objecto,
1089 2262 1275 2322 nihilominus
1292 2282 1346 2342 pro

249 2352 369 2413 leliciori
384 2361 504 2411 senatus
517 2352 652 2430 ingressu
673 2372 734 2412 rem
756 2354 883 2411 divinam
897 2354 1005 2427 lacere,
1019 2364 1049 2413 et
1059 2354 1230 2424 sacrificare,
1250 2366 1281 2414 et
1299 2356 1344 2412 ri·

250 2448 353 2508 ctimas
367 2444 452 2506 ferire
466 2444 563 2506 siverit
576 2464 628 2524 pro
638 2446 720 2506 robis
732 2455 853 2525 totaque
865 2446 1031 2525 republica,
1043 2440 1180 2526 idemque
1194 2464 1254 2506 non
1273 2467 1343 2527 pro-

207 2559 212 2566 ·
249 2539 384 2610 hibuerit,
399 2555 457 2616 quo
477 2539 573 2596 minus
594 2538 754 2615 spectaculi
773 2537 918 2617 princepe,
940 2539 1123 2598 inhonorem
1147 2539 1241 2598 Nomii
1261 2541 1345 2603 lovis

248 2634 400 2692 commune
426 2647 480 2706 pro
510 2627 659 2706 republica
686 2628 886 2707 spectaculum
914 2630 1108 2690 celebrarem:
1145 2639 1344 2712 praetereaque

248 2721 420 2800 permiserit,
443 2729 477 2778 ut
495 2717 631 2780 sacerdos
654 2720 826 2778 venerandis
846 2721 958 2780 deabus
980 2722 1122 2802 deligeret
1148 2743 1185 2782 ex
1210 2726 1344 2784 omnibus

249 2811 488 2880 Atheniensibus,
503 2829 570 2869 cum
584 2810 699 2868 duobus
714 2810 846 2890 collegis,
858 2813 1047 2892 victimasque
1057 2814 1182 2874 ierirem.
1203 2815 1345 2894 Nunquid

251 2903 347 2982 igitur,
362 2902 386 2960 si
396 2909 538 2978 punctum
549 2900 692 2959 duntaxat
704 2912 757 2961 aut
765 2904 896 2962 umbram
906 2920 1082 2984 eorumquae
1095 2907 1125 2964 in
1139 2907 1345 2966 memucbiuu·

249 2996 345 3064 batur,
370 2989 526 3050 ostendere
549 2993 703 3068 potuisset,
726 2992 789 3052 hec
811 2995 1025 3054 concessisset?
1060 2997 1123 3075 Ego
1146 2998 1264 3074 quidem
1286 3019 1344 3059 non

250 3085 360 3163 opinor.
394 3083 494 3160 ltaque
507 3081 553 3140 his
565 3085 654 3142 rebus
673 3083 824 3143 evidenter
846 3088 1039 3158 convincitur,
1052 3089 1082 3146 id
1094 3108 1162 3146 eum
1176 3090 1230 3148 sibi
1242 3091 1345 3156 ‚studio

249 3175 397 3246 babuisse,
419 3184 452 3234 ut
471 3193 517 3233 me
537 3194 590 3253 per
609 3175 760 3233 libidinem
778 3187 810 3232 et
827 3176 1018 3253 petulentiam
1038 3180 1109 3236 urbe
1129 3179 1256 3256 ejiceret.
1285 3182 1346 3240 Sed

250 3287 317 3330 cum
343 3267 374 3326 id
395 3265 518 3336 fucinus,
540 3283 657 3344 quoquo
682 3285 713 3324 se
732 3275 869 3336 verteret,
889 3265 970 3324 nullo
990 3265 1077 3326 modo
1097 3268 1128 3326 in
1148 3289 1195 3328 me
1216 3271 1345 3332 derivare

250 3368 363 3437 posset,
377 3367 477 3436 aperte
484 3359 557 3436 jam,
575 3375 623 3415 me
642 3356 753 3428 relicto,
768 3355 965 3416 Aristarchum
983 3353 1197 3429 criminabatur,
1211 3372 1298 3440 atque
1312 3375 1347 3424 ut

251 3459 348 3508 cetera
360 3458 490 3516 taceam
513 3459 618 3508 senatu
632 3448 765 3507 eadere
779 3457 885 3507 coacto
896 3459 929 3506 et
940 3447 1128 3520 deliberante,
1143 3451 1200 3510 iste
1210 3471 1346 3531 progres-

253 3557 324 3598 sus:
355 3538 557 3615 ignoratis,
584 3540 686 3618 iuquit,
715 3539 772 3598 rei
798 3540 1024 3613 veritatem,
1052 3546 1280 3604 senatores?
1306 3555 1348 3605 et

252 3626 601 3689 cumhomicidem
622 3629 826 3702 bubastis,
844 3630 1043 3691 Aristarchum
1058 3633 1237 3713 intelligens
1254 3647 1347 3697 tem·

250 3739 324 3802 pus
355 3718 513 3790 teritis,
542 3729 582 3778 et
614 3720 855 3800 inquiritis,
878 3731 909 3781 et
926 3741 1056 3801 nugas
1083 3725 1234 3803 agitis?
1269 3747 1345 3788 uon

252 3831 335 3872 eum
371 3805 610 3870 occidetis?
638 3831 714 3872 non
746 3813 784 3871 in
806 3801 1109 3876 tederiscietis
1131 3816 1348 3896 impeturn?

251 3922 328 3964 non
359 3900 751 3978 comprehendetisi
797 3902 871 3963 llmc
903 3905 1021 3965 dicebat
1054 3908 1233 3968 scelerosum
1265 3909 1346 3970 istud

251 4002 351 4074 caput,
371 4001 402 4052 et
421 3992 583 4072 impudens,
606 4011 695 4069 quum
711 3992 804 4072 pridie
821 3995 925 4055 suimet
946 3998 985 4056 ab
1008 3998 1179 4060 Aristarcho
1197 4021 1345 4080 egressum

249 4085 349 4164 itaque
363 4086 424 4164 ejus
437 4084 649 4146 consuetudine
667 4095 702 4143 ut
719 4085 794 4146 elius
815 4086 958 4166 quispiam
976 4109 1059 4162 usus,
1074 4111 1165 4170 quum
1184 4093 1245 4164 ille,
1259 4095 1346 4152 rebus

252 4177 313 4235 suis
325 4174 472 4248 secundis,
483 4177 612 4236 omnium
626 4177 764 4236 acerrime
774 4196 793 4235 a
805 4195 854 4238 me
863 4181 1073 4256 contendisset,
1083 4194 1117 4244 ut
1129 4176 1196 4243 curis
1209 4175 1267 4243 isto
1280 4184 1347 4244 red·

249 4265 321 4324 irem
331 4266 360 4324 in
374 4267 506 4344 mudum,
521 4277 609 4346 utque
621 4268 823 4348 transigerem.

257 4391 262 4398 ·
293 4357 342 4414 34.
363 4357 438 4424 Quae
459 4358 483 4416 si
506 4357 548 4418 ita
567 4360 694 4434 dicebat,
707 4370 742 4420 ut
760 4361 961 4424 Aristarchum
980 4383 1081 4426 eorum
1099 4367 1210 4446 aliquid
1227 4378 1346 4448 propter
