2934 5000
429 347 433 356 ·
461 317 697 384 PHILIPPICA
718 318 867 383 PRIMA.
1181 317 1216 376 ll
1333 415 1336 423 μ

121 455 355 548 quaererem·
369 471 435 554 tpn,
450 477 539 554 saque
554 472 615 554 Ιιιι
628 471 765 534 aarum
787 469 957 552 mannent,
970 469 1074 532 mes
1087 467 1220 548 queen

120 561 150 620 in
165 565 327 645 propinquo
340 567 413 640 sitis,
422 567 509 628 rebus
521 567 645 628 turbatis
663 567 799 627 omnibus
812 564 1004 643 imminentes,
1014 564 1056 624 ita
1070 572 1105 623 ut
1113 561 1219 623 voletis

122 657 387 720 emsdministmre
398 659 542 739 poteritis:
564 670 674 719 atvero
688 677 767 718 nunc
780 657 864 730 estis,
877 677 934 716 nec
953 656 979 716 si
991 656 1072 716 vobis
1084 654 1219 733 tempora

120 746 225 809 darent
242 751 448 835 Amphipolim,
464 753 593 834 accipere
607 773 665 812 eom
677 751 815 836 possetis,
826 751 930 810 restris
943 759 975 816 et
986 747 1172 832 apparatibus
1185 755 1219 808 et
1302 735 1309 752 ’

122 843 476 907 sententiisduetuentes.
780 908 783 926 ¹

163 938 193 996 6.
208 937 356 1016 ‘Oportere
368 939 455 1018 igitur
467 959 569 1001 omnes
582 949 699 1021 paratos
708 959 774 1000 esse
785 960 851 1020 quae
862 941 892 999 ir
909 937 1029 1018 singulos
1041 936 1220 997 conveniunt

121 1027 200 1088 ultro
213 1029 320 1103 iacere,
335 1042 474 1112 tanquam
496 1034 655 1094 scientibus
668 1035 753 1093 robis
770 1043 859 1112 atque
875 1031 1034 1111 persuasis,
1056 1029 1164 1088 diutius
1174 1027 1221 1087 di·

122 1121 218 1181 cendo
241 1141 301 1182 non
320 1124 472 1185 immorors
492 1127 633 1187 rationem
653 1145 722 1188 vero
741 1135 907 1205 apponatur,
926 1141 1014 1203 quem
1033 1119 1144 1181 taliano
1163 1137 1219 1180 vos

122 1213 250 1292 negotiis
272 1215 461 1278 liberaturum
484 1239 549 1280 esse
572 1229 682 1300 putem,
701 1229 732 1279 et
752 1217 983 1298 magnitudinem
1006 1225 1146 1296 quantam
1162 1233 1221 1272 esse

119 1315 239 1382 oportet,
254 1327 288 1368 ac
299 1311 426 1371 rationes
441 1313 570 1391 pecunias
584 1311 791 1392 comparandoe
804 1329 958 1389 quasnam,
971 1317 1135 1386 caeteraque
1145 1323 1220 1384 quo·

45 1433 48 1440 ι
120 1399 212 1458 modo
224 1400 295 1459 mihi
308 1403 415 1481 optime
426 1413 512 1482 atque
525 1404 672 1464 celerrime
682 1403 818 1463 videntur
829 1400 1010 1472 insuuenda,
1019 1400 1118 1478 utique
1129 1415 1220 1457 cona·

119 1492 178 1550 bor
186 1491 294 1566 dicere,
307 1493 487 1557 hortantum
497 1515 560 1568 vos,
573 1495 935 1572 Atheniensespremms.
952 1491 1115 1569 Postquam
1122 1486 1222 1548 omnia

120 1585 286 1659 audieritis,
299 1587 440 1678 judicate,
461 1609 517 1650 nec
530 1611 591 1669 poor¹
607 1609 658 1669 rgo
671 1591 794 1648 dicturus
806 1607 866 1646 rom
879 1584 1056 1664 antIcipstee
1072 1603 1178 1662 neque,
1195 1577 1222 1642 si

121 1677 171 1738 oni
185 1677 267 1738 initio
280 1680 381 1740 ridear
393 1701 500 1742 norum
515 1695 688 1763 apparatum
708 1681 818 1751 dicere,
832 1699 878 1739 res
891 1699 910 1739 a
922 1697 969 1738 me
982 1675 1222 1757 procrastinariia

118 1772 180 1830 ideo
201 1770 356 1835 existimet.
381 1774 514 1854 'Quippe
538 1794 597 1836 non
620 1775 672 1854 qui
697 1773 831 1835 “trime
844 1783 934 1851 atqua
959 1769 1095 1831 “hodie''
1108 1769 1221 1839 dicunt,

72 1913 74 1920 ,
119 1865 248 1924 maxime
268 1863 306 1924 ad
327 1867 480 1928 utilitatem
500 1867 793 1950 loquuntur-neque
807 1865 885 1925 enim
907 1881 1063 1944 possumus
1083 1865 1222 1942 queniam

119 1959 298 2020 exstiterunt
306 1961 387 2033 malo,
402 1959 447 2020 his
457 1981 523 2040 qum
537 1980 617 2021 nunc
627 1959 768 2020 mittimus
779 1957 901 2028 auxiliis,
911 1957 1222 2038 reprimere—,rerum
1326 2009 1334 2022 ,
1388 2033 1393 2040 ¹

119 2051 254 2130 quisquis
269 2051 440 2123 ostenderit,
449 2053 544 2130 qualis
557 2063 714 2132 apparatus
728 2052 803 2110 nolis
814 2060 1013 2129 comparatus,
1026 2060 1222 2129 quantusque,
1343 2089 1349 2112 ι

119 2152 154 2201 et
168 2143 248 2202 unde
260 2151 427 2202 meslentotor
441 2142 545 2205 durare
556 2144 673 2224 poterit,
687 2143 787 2224 quoad
800 2154 852 2202 aut
863 2140 971 2202 bellum
981 2141 1114 2223 persuasi
1121 2139 1223 2200 finire·

117 2231 225 2308 rimus,
239 2244 291 2296 aut
303 2235 402 2296 hostes
412 2237 658 2316 superaverimus:
677 2235 719 2295 ita
728 2236 805 2296 enim
811 2232 901 2293 nullis
909 2234 940 2292 in
949 2243 1100 2316 posterum
1109 2231 1222 2311 injuriis
1297 2240 1300 2249 ’

116 2327 312 2388 lacessemnr.
354 2327 418 2407 Ego
426 2328 585 2407 igiturhesc
594 2327 691 2388 dicere
702 2345 750 2387 me
760 2345 847 2407 posse
855 2325 1224 2403 arbitror,nonimpsdiens

119 2419 230 2501 siquis
254 2419 327 2492 alius
346 2419 501 2503 pollicetur
521 2420 639 2501 aliquid.
680 2419 862 2480 Promissum
874 2417 963 2498 igitur
984 2416 1061 2478 adeo
1073 2435 1226 2496 magnum,

118 2513 188 2593 ipsa
199 2532 270 2573 vero
280 2533 326 2574 res
339 2514 370 2573 in
384 2532 506 2574 examen
515 2514 699 2594 jamreniet:
718 2513 834 2594 jndices
847 2532 900 2573 sos
911 2512 1006 2578 eritis.

165 2608 194 2664 7.
216 2606 345 2665 Primum
375 2606 473 2686 igitur,
496 2606 701 2679 Athenienses,
725 2604 857 2667 triremes
881 2598 1093 2685 quinquagirita
1118 2604 1224 2665 instrui

122 2709 257 2781 oportere
271 2698 355 2759 ‹ilcoe
365 2700 472 2760 deinde
481 2718 533 2760 ros
545 2719 581 2760 eo
591 2700 688 2760 animo
702 2720 778 2773 esse,
790 2709 835 2771 nt,
849 2698 944 2778 siand
956 2718 1032 2786 opus
1041 2698 1138 2772 fuerit,
1148 2697 1221 2780 ipsis

123 2794 154 2852 in
170 2812 220 2853 eas
234 2792 501 2853 conscendentibus
517 2792 555 2853 sit
567 2794 776 2873 navigandum.
826 2790 984 2867 Praeterea,
998 2792 1126 2853 dimidies
1139 2792 1222 2874 equi·

122 2894 187 2944 tum
203 2885 276 2963 perti
289 2885 419 2945 triremes
434 2905 500 2964 quae
514 2904 606 2964 equos
615 2885 732 2957 vehant,
747 2892 778 2945 et
790 2885 861 2944 satis
874 2884 984 2944 multas
996 2885 1119 2965 insuper
1132 2904 1222 2947 naves

125 2977 220 3038 ornari
240 2978 337 3053 jubeo.
382 2976 457 3037 Haec
472 2977 609 3056 equidem
623 2996 729 3037 censeo
745 2987 856 3057 praesto
874 2996 940 3037 esse
958 2988 1101 3057 oportere,
1118 2988 1224 3039 contra

121 3069 290 3148 iepentinas
300 3069 575 3149 ejusesuaregione
585 3069 799 3148 expeditiones,
809 3070 847 3131 ad
857 3068 1082 3149 Thermopylas,
1092 3069 1223 3131 etCher-

124 3180 275 3234 soneaum,
290 3171 378 3241 atque
393 3160 567 3242 Olynthum,
580 3182 637 3222 nec
649 3180 777 3249 nonque
788 3162 876 3223 libet:
890 3182 1022 3246 namque
1035 3161 1100 3223 haec
1114 3164 1144 3223 in
1158 3166 1222 3245 ejus

124 3252 224 3313 animo
237 3252 392 3314 excitanda
403 3264 450 3315 est
464 3256 571 3333 opinio,
585 3274 637 3315 vos
652 3274 688 3315 ex
705 3254 862 3315 immodica
876 3254 933 3314 hac
946 3255 1134 3335 negligentia,
1148 3256 1224 3318 elcut

123 3347 162 3407 od
175 3346 328 3419 Elnhoeam,
343 3356 372 3407 et
383 3348 462 3427 prius
475 3348 644 3425 aliquando,
658 3358 693 3407 ut
706 3348 813 3420 ierunt,
828 3348 867 3407 ad
878 3347 1054 3421 Haliartum,
1067 3356 1098 3407 et
1109 3360 1224 3428 postre-

122 3460 172 3500 mo
186 3458 278 3521 nuper
293 3440 332 3499 ad
345 3440 567 3521 Thermopylas,
577 3440 701 3501 fortasse
719 3450 882 3520 erupturos.
925 3442 995 3501 Non
1004 3442 1134 3515 omnino,
1147 3453 1223 3503 tam-

124 3532 181 3593 etsi
202 3530 421 3605 uon‘i'eceritis,
444 3542 478 3592 ut
502 3551 560 3612 ego
579 3531 747 3593 iaciendum
770 3552 835 3593 esse
851 3532 929 3606 dico,
946 3534 1034 3594 inerit
1051 3534 1099 3594 ior
1122 3546 1224 3597 coute-

124 3626 299 3696 mnendnm,
314 3636 348 3684 ut
361 3625 410 3685 vel
418 3644 478 3705 prae
491 3636 580 3697 metu,
589 3624 614 3685 si
632 3624 728 3685 scierit
740 3612 859 3705 paratos
878 3645 944 3686 esse
957 3636 1132 3689 vos-certo
1145 3628 1223 3689 enim

124 3719 213 3787 sciet:
235 3727 305 3777 sunt
323 3716 411 3789 enim,
425 3729 494 3777 sunt
510 3718 590 3797 apud
603 3736 654 3778 vos
669 3717 759 3796 ipsos,
772 3719 822 3797 qui
840 3718 880 3778 de
897 3718 1032 3779 omnibus
1049 3722 1137 3781 nehus
1154 3741 1223 3781 eum

53 3879 57 3891 ⁸
122 3810 276 3873 certiorem
286 3810 407 3885 iaciunt,
416 3810 515 3891 plures
525 3832 613 3891 quam
626 3811 795 3891 expedit-‚
806 3812 897 3873 otium
911 3822 991 3892 agat,
1003 3812 1049 3873 rel
1061 3814 1108 3873 his
1118 3813 1225 3892 despe-

122 3904 333 3975 eIIs,Ineautus
343 3904 536 3984 opprimaturr
551 3904 641 3965 nihilo
650 3907 786 3966 obstante
797 3924 857 3991 quo
870 3905 966 3993 minus
977 3907 1007 3966 in
1017 3908 1080 3987 ejus
1091 3920 1225 3987 reguum,

124 3996 149 4054 si
165 3994 352 4055 occasionem
365 3996 489 4070 dederit,
504 3996 657 4075 nerigetis.

92 4164 96 4170 Ι
125 4120 129 4127 -
164 4090 190 4147 8.
216 4087 291 4147 lloec
305 4088 394 4167 igitur
405 4097 484 4163 sunt,
504 4108 571 4169 qam
585 4090 697 4151 avobi‘s
717 4090 837 4153 decerni
852 4101 986 4172 oportere
1003 4091 1079 4164 dico,
1099 4112 1225 4175 queque

123 4188 160 4237 nt
182 4180 362 4241 Instruantur
383 4181 537 4242 convenire
566 4182 696 4243 arbitror.
745 4184 859 4245 Praeter
880 4185 955 4255 hoec,
975 4185 1074 4263 copias
1101 4186 1225 4267 aliquas,

122 4274 327 4346 Athenienses,
341 4276 371 4334 in
391 4276 547 4355 procinctu
561 4276 713 4342 habendas
726 4297 845 4350 censeo,
863 4297 930 4355 quae
944 4278 1129 4342 continenter
1139 4282 1225 4343 belli-

57 4394 64 4407 c
125 4376 230 4445 gerent
248 4376 279 4425 et
297 4368 378 4429 illurn
394 4366 541 4430 infestent.
583 4368 629 4429 Ne
650 4370 720 4429 mihi
743 4370 803 4447 qms
819 4370 893 4428 dicat
911 4367 1008 4431 decies
1026 4373 1106 4438 milla
1130 4388 1226 4455 neque

124 4460 218 4527 vicies
232 4460 311 4523 mille
322 4461 504 4543 peregrinos,
515 4480 611 4544 neque
627 4460 873 4547 epistularesillos
886 4462 1049 4537 exercitum
1066 4469 1148 4538 hunc
1160 4467 1226 4529 volo
