2934 5000
231 253 287 310 ros
621 251 857 313 rnrrrnrrcn
878 247 931 310 rr.
967 337 973 348 ι
1057 317 1060 322 ,

225 423 299 466 cum
321 391 422 479 Oritis,
442 404 581 466 militibus
602 407 631 466 in
652 426 753 467 eornm
776 425 848 484 agro
869 400 1071 465 versanthrns:
1092 415 1149 459 nec
1169 405 1238 456 ante
1256 411 1327 454 cum

231 495 372 568 Pheneis,
394 499 562 576 priusquam
575 499 603 557 in
617 499 723 557 moenia
736 498 846 558 laceret
864 498 1021 576 impeturn:
1048 511 1103 552 nec
1117 492 1242 572 primum
1258 503 1326 546 cnm

233 587 392 668 Olynthiis,
405 589 501 652 donec
523 592 554 650 in
566 591 695 670 ipsorum
716 611 787 670 agro
800 611 867 653 cum
888 590 1017 650 exercito
1034 587 1163 647 adesset.
1194 585 1250 666 ‘An
1263 590 1327 640 tum

232 699 348 760 quoque
362 701 426 756 eus,
438 683 489 762 qni
502 684 559 744 vim
574 684 742 763 propulsare
750 685 869 765 jubent,
888 683 1034 743 concitare
1045 677 1156 738 bellum
1173 671 1328 736 dicamnst

233 769 301 832 Hoc
313 773 402 853 igitur
414 786 463 836 est
473 775 626 854 reliquum,
639 786 673 836 ut
689 777 865 836 serviamus:
886 793 941 834 nec
951 773 1027 833 enirn
1040 769 1195 849 quicquam
1209 764 1328 826 esttec-

220 865 314 925 uun.
356 866 533 946 Quanquam
553 887 612 927 non
632 869 693 948 pari
706 886 759 928 vos
780 887 848 928 cum
868 866 981 927 caeteris
999 860 1130 943 periculo
1150 857 1327 920 decertatis:

227 976 293 1026 ,11011
306 958 383 1020 enim
402 959 523 1038 imperio
535 979 590 1020 suo
606 961 754 1020 ciuitatem
772 959 915 1038 subjicere
927 957 991 1018 vult
1011 954 1164 1032 Philippus
1185 959 1329 1025 nostram,

233 1067 310 1118 ”ott
332 1051 385 1114 und
398 1053 513 1131 penitus
531 1053 702 1112 exscindere
715 1073 723 1113 z
744 1054 817 1112 satis
836 1051 914 1111 enim
928 1047 1076 1125 intelligit,
1089 1045 1194 1104 servire
1207 1060 1260 1101 sos
1276 1061 1329 1100 ne-

233 1161 294 1220 que
306 1142 393 1214 velle,
404 1163 508 1222 neque
529 1144 672 1216 sivelitis,
685 1163 787 1223 posse;
808 1163 876 1203 narn
891 1143 1032 1220 imperare
1045 1135 1253 1196 consuevistis:
1277 1153 1329 1192 ne-

230 1234 317 1312 gotis
328 1255 398 1296 vero
411 1238 438 1296 ei
451 1236 607 1306 lacessere,
623 1237 649 1296 si
662 1237 748 1296 detur
761 1235 888 1306 occasio,
901 1251 990 1312 posse
1000 1231 1086 1310 plura
1102 1247 1190 1306 qnam
1203 1225 1331 1305 reliquos

234 1324 369 1388 homines
386 1327 557 1392 universos:
579 1339 756 1408 quapropter
770 1329 851 1389 vobis
870 1345 931 1386 non
944 1333 1055 1404 parcet,
1069 1321 1095 1380 si
1110 1338 1205 1380 rerum
1218 1319 1330 1398 potitus

230 1415 333 1480 ‚luent
1012 1456 1016 1462 ·

173 1497 177 1507 ¹
280 1511 327 1570 16.
348 1510 477 1576 Proinde
490 1516 575 1595 qumi
598 1517 636 1576 de
648 1535 764 1578 summa
780 1534 876 1576 rernm
896 1512 997 1574 essetis
1014 1507 1202 1578 decertaturi,
1223 1506 1265 1565 ita
1277 1521 1331 1563 vos

236 1611 352 1682 oporiet
368 1623 435 1666 esse
458 1607 560 1666 animis
579 1607 712 1680 affectos,
725 1609 835 1687 quique
855 1627 887 1667 se
910 1606 952 1666 illi
965 1612 1064 1683 aperte
1080 1598 1284 1669 vendiderunt,
1301 1605 1334 1654 et

237 1693 307 1760 odio
319 1696 513 1774 prosequendi
526 1706 557 1756 et
576 1697 606 1756 in
618 1700 779 1758 cruciatum
795 1697 956 1778 obripiendi
979 1705 1066 1755 sunt:
1087 1711 1148 1752 non
1166 1691 1241 1752 enim
1259 1689 1333 1761 fieri,

230 1803 298 1844 ¹non
313 1786 375 1846 fieri
387 1797 495 1864 potest,
509 1799 542 1848 ut
555 1788 669 1849 externi
682 1788 785 1848 hostes
800 1797 982 1867 superentur,
995 1787 1051 1844 nisi
1064 1783 1145 1863 prins
1157 1781 1335 1841 domesticos

231 1875 516 1956 hostespunieritis:
538 1881 592 1941 sed
605 1900 727 1940 necesse
740 1889 797 1951 est,
809 1880 880 1939 dnm
893 1880 923 1938 in
933 1879 987 1938 hos
999 1889 1140 1956 tanquam
1152 1874 1182 1932 in
1195 1870 1335 1949 scopulos

240 1967 410 2048 impingitis,
431 1981 465 2030 ut
478 1971 533 2032 illis
547 1972 609 2032 sitis
622 1973 816 2052 posteriores:
837 1972 944 2031 etenim
964 1989 1018 2030 cur
1036 1987 1105 2028 eum
1124 1966 1165 2025 ita
1185 1973 1334 2023 contume-

240 2059 314 2121 liose
337 2063 420 2125 vobis
446 2061 587 2125 insultare
609 2085 686 2126 nunc
706 2065 835 2144 putatis:
865 2062 936 2122 nibil
950 2062 1035 2122 enim
1055 2058 1136 2119 alind
1155 2073 1244 2134 agere
1263 2054 1337 2113 mibi

231 2153 359 2230 quidem
376 2155 493 2218 videtur
512 2158 569 2217 nisi
589 2157 657 2232 hoc,
671 2167 702 2218 et
720 2177 788 2217 cum
804 2156 876 2216 alios
889 2152 1108 2223 benefaciendo,
1126 2149 1151 2209 si
1169 2167 1228 2209 non
1243 2147 1335 2217 aliud,

242 2244 344 2304 saltem
359 2249 492 2322 seducat,
505 2250 587 2310 uobis
596 2255 657 2326 jnm
671 2251 760 2310 etiam
779 2248 912 2309 minitari.
945 2246 1044 2307 Veluti
1062 2243 1219 2304 Thessalos
1230 2240 1337 2319 ‚multis

241 2337 389 2404 beneficiis
410 2341 531 2419 pellexit
549 2343 579 2400 in
602 2343 679 2402 hano
701 2343 887 2402 servitutem:
916 2357 1012 2418 neque
1034 2333 1161 2397 dicendo
1182 2333 1336 2412 qnisquam

241 2430 383 2510 consequi
396 2433 500 2511 possit,
517 2453 604 2513 quam
625 2433 725 2492 multis
737 2435 825 2493 rebus
841 2433 963 2491 miseros
984 2428 1150 2511 Olynthios,
1171 2426 1241 2485 data
1249 2425 1337 2504 prius

242 2518 387 2595 Potidoea,
400 2525 556 2604 multisque
570 2525 644 2598 eliis,
659 2526 826 2606 deceperit:
847 2524 1001 2584 Thebanos
1013 2540 1093 2581 nunc
1106 2520 1277 2599 subjugum
1292 2515 1337 2574 al·

242 2610 315 2684 licit,
329 2614 437 2677 tradita
448 2617 633 2684 eis-Boeotia,
648 2628 842 2697 posteaquem
855 2634 907 2676 eos
927 2634 1033 2694 magno
1051 2614 1189 2692 gravique
1206 2611 1284 2671 bello
1301 2610 1339 2669 li·

242 2704 373 2767 berault:
394 2706 493 2785 itaque
515 2708 545 2769 hi
563 2728 675 2780 omnes,
695 2709 767 2768 dum
788 2708 884 2787 aliqua
901 2707 1108 2768 commoditate
1124 2705 1269 2776 fruuntur,
1289 2702 1340 2762 elii

239 2794 302 2872 jam
312 2798 442 2875 perpessi
455 2818 490 2861 ea
502 2810 582 2871 sunt,
596 2820 664 2881 quro
678 2820 780 2861 omnes
792 2810 918 2867 norunt:
939 2798 988 2858 alii
1001 2798 1105 2868 forent,
1119 2796 1257 2877 quicquid
1271 2807 1340 2854 tan-

236 2888 313 2947 dem
326 2889 498 2968 contigerit:
519 2903 551 2952 at
563 2913 626 2965 vos,
640 2913 707 2973 quoe
722 2894 869 2964 emisistis,
881 2902 986 2959 taceo:
1008 2890 1061 2951 sed
1082 2891 1112 2949 in
1124 2890 1190 2969 ipsa
1201 2889 1340 2968 pacifica·

244 2981 334 3053 tione,
345 2982 460 3061 quoties
473 2985 610 3065 decepti?
630 3004 717 3064 qnam
731 2986 830 3045 multis
843 2984 957 3065 spoliati
971 2983 1063 3044 estis?
1084 2982 1189 3041 Nonne
1204 2980 1340 3041 Phocen-

236 3073 346 3135 sibus?
366 3094 464 3137 nonne
478 3076 560 3157 Pylis
572 3078 585 3137 l
606 3098 705 3139 nonne
717 3078 861 3139 Thracia?
882 3078 1017 3149 Dorisco,
1027 3077 1135 3145 Serrio,
1149 3074 1341 3153 Cessoblepte

244 3166 327 3244 ipaol
348 3188 444 3230 nonne
457 3171 594 3231 Cardiam
604 3192 682 3233 nuno
691 3173 781 3233 hahet
789 3183 820 3233 et
832 3170 1009 3232 confitetor?
1030 3171 1092 3229 Cur
1104 3170 1193 3247 igitur
1205 3186 1242 3227 eo
1251 3166 1340 3227 rnodo

247 3260 382 3324 cumillis
396 3272 427 3321 et
439 3263 497 3323 elia
507 3266 619 3325 ratione
628 3266 779 3327 vobiscum
792 3265 873 3344 agit?
894 3263 983 3329 Quod
992 3263 1022 3321 in
1035 3263 1090 3321 hac
1100 3281 1159 3320 una
1168 3270 1340 3321 cunctarum

246 3350 371 3422 urbium,
389 3353 509 3433 impune
522 3357 648 3417 hostiurn
661 3376 760 3418 canem
773 3355 950 3437 patrocinari
962 3355 1049 3423 licet:
1071 3374 1106 3413 ac
1126 3354 1151 3413 si
1169 3354 1236 3432 quis
1249 3372 1341 3433 pecu·

239 3442 326 3503 niem
340 3446 462 3523 accepit,
483 3450 676 3511 concionandi
691 3460 867 3530 potestatem
881 3451 943 3528 ipse
967 3449 1063 3518 habet,
1079 3448 1198 3506 etiarnsi
1217 3468 1270 3507 vos
1290 3466 1343 3506 ue-

228 3534 315 3605 ··,stris
329 3536 564 3618 opibus-spoliati
585 3542 666 3603 estis.
700 3542 769 3601 Non
786 3552 883 3601 tntum
906 3540 961 3599 tuit
973 3540 1096 3620 Olynthi
1119 3560 1239 3599 causam
1253 3558 1342 3617 agere

247 3627 385 3708 Philippi,
415 3630 507 3693 doum
530 3636 658 3713 populus
689 3634 893 3714 Olynthiorum
912 3634 998 3693 simul
1022 3632 1160 3693 delinitus
1183 3644 1264 3692 esset
1291 3632 1344 3691 rllo

240 3722 363 3783 -traditae
384 3723 524 3785 Poudoeae
540 3727 691 3787 beneflcio.
726 3726 795 3785 Non
808 3734 904 3785 tubum
925 3726 982 3785 fnit
998 3724 1028 3783 in
1041 3721 1344 3804 Thessalia'l’hilippi

248 3834 368 3877 caumm
376 3817 578 3896 agere-donec
587 3818 743 3876 multitudo
751 3817 957 3877 'lhessolorunn
969 3817 1103 3877 berteficii
1115 3826 1227 3895 partem
1241 3834 1344 3895 perce·

241 3907 457 3988 pissetejoctis
468 3908 640 3989 aPhilippo‚
649 3909 780 3986 ipsorum
788 3926 890 3979 censa,
901 3908 1192 3988 tyrannis,ethloea
1200 3908 1342 3968 restituta.

249 3999 320 4062 Non
332 4000 389 4061 fuit
398 4001 505 4061 Thebis
523 4010 631 4072 tutum,
651 4008 718 4059 ente
731 3999 876 4061 redditam
891 4000 1047 4072 Boeotiam,
1065 4011 1097 4061 et
1110 4000 1278 4061 Phocenses
1291 4000 1343 4061 de·

249 4092 336 4151 letos.
358 4094 467 4153 Verum
477 4092 616 4165 Athenis,
624 4112 691 4155 cum
707 4111 765 4152 non
778 4092 868 4151 rnodo
881 4092 1075 4173 Amphipolim
1088 4102 1119 4151 et
1132 4092 1343 4151 Gordianorum

251 4184 400 4261 regionem
420 4186 572 4265 Philippus
582 4184 732 4265 eripuerit,
747 4184 801 4243 sed
815 4194 847 4244 et
866 4184 1007 4245 Enhoeem
1020 4190 1124 4246 contra
1137 4203 1190 4248 nos
1203 4194 1344 4261 tanquam

249 4294 349 4346 arcem
361 4280 512 4355 ,munierit
527 4288 558 4359 et
571 4296 647 4339 nunc
658 4276 701 4357 pd
721 4276 894 4358 Byzantium
912 4276 1047 4348 accedat,
1067 4286 1163 4345 tntum
1181 4284 1229 4336 est
1248 4275 1345 4337 dicere
