2934 5000
259 315 320 374 tes
497 311 676 372 comas
699 281 1054 371 nersromr'oumr
1075 307 1100 365 1.

261 465 301 524 ad
314 463 539 526 misericordiam
560 474 592 523 et
604 463 831 524 humanitatem:
851 464 901 522 isti
920 474 1019 524 eutem
1034 463 1073 523 'ad
1088 461 1221 522 locorum
1241 462 1368 522 illorum

261 555 374 614 nullum
387 575 540 616 accessum
553 575 621 616 esse
639 556 735 628 video,
751 555 803 614 sed
823 557 921 616 omnia
933 555 1103 634 praecipitia,
1124 554 1285 624 salebrosa,
1306 555 1368 612 ba-

258 647 368 706 rathra.
395 645 474 712 Quid
485 645 563 706 enirn
577 647 697 706 omnino
711 646 814 706 dicctt
837 647 947 707 Eomm
970 646 1080 726 aliquid
1102 665 1168 724 quse
1183 656 1266 724 pater
1285 664 1368 704 suus

260 739 330 797 lecit
342 737 474 798 seilicet?
495 737 556 798 Sed
571 758 622 815 ros
636 739 718 798 illurn
732 739 761 796 in
774 739 832 798 boc
840 739 955 818 judicio
968 741 1065 818 capite
1078 738 1307 809 condemnastis,
1327 727 1368 797 ut

166 904 169 911 ,
260 832 424 909 improbum
437 829 622 901 nimirum‚et
631 830 752 908 dignum
761 833 811 909 qui
822 831 1014 891 occideretur.
1037 830 1217 900 Athercule,
1228 829 1264 900 si,
1278 831 1365 908 quod

260 923 299 981 ad
312 934 425 1000 patrem
439 922 556 992 attinet,
574 921 605 980 in
627 922 748 996 salebris
762 923 864 992 bearet,
879 923 917 982 ad
932 941 1016 984 suam
1036 925 1124 983 vitam
1144 922 1305 1001 confugiet,
1324 936 1365 982 ut

259 1024 470 1092 temperantem
480 1027 512 1073 et
523 1013 727 1074 moderatam?
748 1013 866 1082 Quam?
892 1015 965 1074 Eam
980 1033 1067 1093 quam
1084 1033 1143 1073 non
1158 1013 1248 1073 rixitl
1271 1015 1305 1072 ln
1322 1033 1365 1072 ea

260 1107 337 1168 enim
347 1126 435 1184 quam
444 1126 501 1194 'ros
514 1106 625 1166 vidistis
635 1125 752 1174 omnes,
773 1118 894 1166 nonest
911 1105 988 1165 talis.
1015 1109 1066 1176 At,
1081 1106 1153 1166 heus
1167 1115 1209 1176 to,
1224 1105 1262 1164 ad
1276 1107 1364 1166 obita

259 1217 424 1262 munerare
435 1197 576 1276 recipiet?
596 1198 725 1263 Quando
733 1197 794 1269 illa,
809 1209 860 1258 eut
869 1197 941 1257 ubi?
962 1193 1110 1258 Paterna?
1131 1199 1172 1257 At
1185 1197 1266 1256 nulla
1278 1209 1363 1258 sunt,

255 1290 343 1350 Suel
363 1289 547 1362 Delationes,
561 1290 764 1362 abductiones,
774 1290 986 1358 accusationes,
997 1309 1056 1348 non
1065 1308 1185 1350 munera
1197 1291 1363 1368 reperietis.

190 1445 197 1454 ,
261 1383 303 1444 At
311 1382 442 1454 hercule,
454 1391 488 1440 ut
499 1383 564 1440 baec
577 1381 663 1441 nulla·
671 1381 740 1454 sint,
760 1385 879 1460 cognati
892 1381 986 1451 multi,
1002 1383 1079 1460 iique
1093 1382 1161 1440 boni
1175 1381 1239 1450 viri,
1252 1401 1308 1460 pro
1322 1402 1364 1442 eo

262 1473 519 1552 deprecabunturl
540 1473 601 1532 Sed
610 1492 705 1550 neque
715 1484 794 1542 sunt,
808 1493 900 1551 neque
915 1474 1035 1533 luerunt
1048 1493 1185 1552 unquam.
1207 1475 1266 1539 Qui
1280 1475 1363 1533 enim

261 1567 288 1626 ei
302 1566 422 1644 cognati
438 1566 507 1636 sint,
522 1565 573 1644 qui
586 1581 624 1624 ne
644 1565 790 1643 ingenuus
806 1565 924 1643 quidem
946 1563 1013 1624 estl
1037 1565 1102 1622 Uno
1123 1577 1245 1644 excepto
1266 1565 1362 1626 fratre

260 1660 330 1730 isto,
348 1658 399 1736 qui
418 1658 445 1716 ei
459 1677 537 1716 nunc
550 1657 646 1729 adest,
660 1667 692 1716 et
709 1657 881 1735 praeclaram
898 1657 978 1716 illam
993 1657 1073 1716 litem
1097 1657 1124 1716 ei
1146 1656 1280 1716 intendit.
1311 1658 1363 1718 De

261 1769 322 1828 quo
335 1749 432 1808 dicere
452 1758 550 1808 cetera
568 1767 705 1826 quorsum
720 1748 848 1808 attinet?
870 1749 970 1808 Frater
989 1749 1053 1828 ejus
1073 1760 1120 1808 ost
1139 1767 1311 1827 gemianus,
1331 1761 1365 1810 et

259 1841 404 1911 uterinus,
414 1851 444 1900 et
453 1849 557 1918 praeter
564 1840 644 1899 mala
652 1840 774 1918 reliqua,
784 1841 872 1901 etiarn
888 1841 1037 1920 gemellus.
1060 1843 1226 1901 ls—cetera
1239 1843 1363 1920 quidem

260 1943 364 1992 taceo:
386 1932 440 1990 sed
454 1936 573 2010 propter
592 1951 658 2009 quoe
678 1952 733 1991 vos
746 1933 886 1992 nefariam
900 1933 1085 2004 Theoridem,
1101 1933 1251 1993 Lemniam
1265 1935 1359 2004 illam,

256 2024 339 2102 ¹illam
353 2023 525 2096 veneficam,
540 2034 603 2081 turn
617 2023 721 2102 ipsam,
738 2033 801 2083 turn
815 2025 982 2085 universum
1003 2026 1066 2105 ejus
1086 2042 1179 2105 genus
1196 2027 1362 2098 occidistis,

261 2117 296 2177 iis
310 2115 430 2175 venenis
442 2127 473 2175 et
486 2116 710 2201 incantamentis
724 2117 761 2176 ab
775 2117 838 2198 ejus
853 2118 962 2177 ancilla
976 2117 1115 2198 acceptis,
1128 2127 1197 2197 qum
1214 2129 1278 2177 tum
1293 2137 1361 2177 eam

261 2208 378 2278 detulit,
391 2227 429 2268 ex
438 2227 497 2286 qua
504 2207 664 2268 fascinator
673 2209 730 2268 iste
741 2209 848 2269 liberos
858 2211 998 2290 suscepit,
1008 2210 1199 2290 imposturam
1211 2220 1243 2271 et
1254 2211 1361 2270 lucum

260 2301 343 2372 lacit,
355 2311 386 2360 et
404 2299 543 2360 comitiali
561 2302 665 2360 morbo
683 2301 851 2360 laborantes
865 2321 897 2360 se
915 2313 1084 2361 curaturum
1105 2303 1267 2380 profitetur,
1290 2321 1360 2362 conr

261 2392 327 2472 ipse
345 2393 426 2452 omni
441 2392 553 2455 laboret
571 2392 838 2472 improbitate-le
859 2392 947 2470 igitur
968 2411 1021 2472 pro
1042 2413 1078 2453 eo
1099 2395 1247 2453 veneficus
1268 2396 1360 2454 inter·

261 2483 370 2545 cedetl
392 2484 490 2544 Homo
516 2483 678 2563 pestilens?
705 2486 802 2551 Quem
823 2485 874 2565 qui
901 2484 1023 2555 viderit,
1040 2487 1223 2547 abominetur
1248 2488 1360 2565 potins,

260 2596 349 2655 quarn
363 2576 549 2655 alloqueturl
570 2577 628 2644 Qui
642 2578 706 2657 ipse
724 2596 792 2636 eum
812 2576 916 2657 capitis
931 2579 1071 2649 arcessit,
1085 2598 1152 2637 cum
1172 2578 1260 2638 talem
1276 2580 1360 2640 litem

214 2709 220 2725 .
261 2668 444 2731 intenderetl

307 2763 353 2821 18.
375 2760 456 2828 Quid
468 2760 556 2839 igitur
569 2770 670 2829 restat,
684 2758 900 2819 Athenienses?
921 2760 966 2820 Ea
978 2760 1112 2820 nimirum
1127 2762 1275 2841 presidia,
1291 2782 1360 2842 quoe

261 2854 317 2913 reis
331 2864 433 2930 parata
445 2862 515 2911 sunt
526 2872 545 2911 a
554 2852 730 2928 reliquorum
743 2862 876 2912 nostrum
890 2862 1005 2923 natura,
1018 2871 1141 2932 querque
1156 2866 1242 2927 nemo
1255 2874 1360 2915 eorum

262 2945 313 3021 qui
327 2943 526 3022 periclitantur
536 2962 635 3002 secum
646 2942 738 3014 affert,
748 2944 800 3003 sed
811 2945 1012 3023 unusquisque
1020 2956 1147 3004 vestrum
1159 2947 1248 3005 domo
1256 2968 1358 3008 seeum

260 3036 355 3105 effert,
369 3034 606 3107 misericordiam,
627 3036 754 3103 veniam,
771 3035 992 3096 humanitatem.
1027 3037 1088 3095 Sed
1107 3038 1172 3097 boec
1191 3036 1288 3117 neque
1296 3044 1358 3115 jus,

262 3147 357 3205 neque
370 3127 416 3187 fas
437 3127 487 3186 isti
506 3126 618 3185 nefario
639 3126 790 3225 impertiri.
826 3128 909 3187 Curi
930 3128 1008 3195 Quia
1029 3147 1117 3207 quem
1135 3130 1190 3188 sibi
1209 3150 1359 3209 quemque

260 3219 357 3298 legem
370 3228 474 3297 suopte
487 3219 606 3296 ingenio
621 3218 754 3277 sanxisse
767 3228 869 3277 contre
880 3218 953 3277 alios
968 3230 1096 3288 constat,
1111 3222 1234 3279 eandam
1246 3240 1314 3281 eum
1328 3234 1359 3281 et

261 3313 301 3371 ob
313 3311 378 3371 aliis
391 3312 467 3371 ferre
489 3322 536 3370 est
549 3328 677 3389 equum.
698 3312 796 3398 Quam
810 3311 898 3389 igitur
910 3311 1005 3389 legam
1024 3310 1118 3384 vobis,
1133 3324 1184 3370 aut
1197 3332 1285 3391 quam
1306 3336 1359 3374 vo-
1452 3378 1453 3381 Ἴ

261 3404 403 3463 monum
417 3402 525 3464 babere
537 3402 652 3463 ridetur
665 3403 826 3482 Aristogito
841 3404 870 3461 in
884 3404 1005 3463 omnesl
1027 3405 1130 3463 Utrum
1145 3416 1177 3463 ut
1190 3424 1241 3465 eos
1256 3407 1359 3469 florere

259 3496 371 3567 videat,
385 3504 416 3553 et
433 3496 517 3555 beate
531 3495 715 3574 glorioseque
739 3496 858 3555 rivere?
877 3492 965 3555 Unde
978 3508 1075 3555 autem
1093 3496 1257 3556 victitabitl
1279 3502 1358 3560 Nam

260 3584 383 3645 aliorum
401 3605 469 3644 eum
490 3587 566 3645 rnala
582 3587 725 3647 nutriunt.
761 3586 889 3646 Proinde
902 3588 982 3647 volet
994 3588 1125 3667 judiciis,
1142 3591 1357 3665 certaminibus,

236 3717 243 3728 ›
260 3676 410 3737 atrocibus
418 3676 585 3737 criminibus
593 3698 696 3738 omnes
704 3678 873 3737 conflictari.
892 3680 934 3737 Hi
945 3680 1009 3759 ejus
1018 3680 1102 3738 fundi
1110 3680 1356 3751 sunthireditus.

250 3768 338 3837 -Quls
356 3788 425 3827 vero
438 3768 527 3827 lronro
539 3769 764 3847 perditissimus,
785 3766 989 3841 Athenienses,
1006 3782 1050 3831 ter
1064 3772 1262 3844 exsecrabilis,
1277 3794 1359 3834 com·

260 3860 358 3921 munis
372 3861 476 3928 bostis,
491 3860 621 3920 omnium
634 3861 779 3935 inimicus,
793 3863 840 3921 cui
855 3882 910 3923 nec
931 3872 1008 3923 terre
1021 3865 1121 3943 fruges
1135 3865 1219 3935 ferat,
1234 3886 1289 3925 nec
1304 3867 1358 3927 de-

259 3954 364 4015 functo
376 3954 555 4033 sepulturam
569 3953 709 4031 praebeat,
718 3954 786 4032 jure
796 3954 1011 4033 appellabitur?
1032 3956 1138 4015 Nonne
1153 3956 1240 4017 talisi
1265 3958 1357 4038 Equi-
1450 3946 1451 3996 l

260 4046 327 4105 dem
342 4046 455 4124 opinor.
484 4047 581 4111 Quam
595 4053 693 4105 autem
705 4045 831 4115 veniam,
846 4056 897 4105 aut
907 4066 993 4125 quam
1005 4046 1241 4115 misericordiam,
1253 4048 1271 4107 ii
1281 4068 1357 4127 quos

261 4138 413 4198 calumniis
424 4138 593 4215 exagitavit,
615 4138 653 4196 ab
671 4156 708 4196 eo
726 4136 940 4215 impetrarunt?
961 4140 1043 4206 Quos
1064 4138 1119 4197 iste
1138 4156 1240 4200 omnes
1254 4144 1358 4220 capitis

260 4230 410 4290 damnarit
422 4231 453 4289 in
465 4228 511 4288 hio
520 4229 650 4309 judiciis,
665 4228 754 4307 idque
768 4229 935 4306 priusquam
948 4230 1041 4309 prima
1055 4228 1194 4309 suffragia
1204 4227 1357 4294 ferrentur.

259 4320 302 4378 Et
314 4322 343 4379 in
356 4338 430 4399 quos
446 4322 606 4381 fascinator
626 4321 681 4380 iste
706 4320 781 4379 adeo
803 4320 930 4381 crudelis
950 4331 981 4379 et
1001 4316 1122 4382 acerbus
1143 4323 1209 4395 suit,
1224 4342 1274 4383 eos
1293 4344 1358 4399 vos,

258 4412 465 4487 Athenienses,
479 4415 605 4493 quitum
618 4415 721 4476 sortito
730 4412 849 4495 judices
858 4412 961 4489 oretis,
973 4423 1009 4483 ,ut
1022 4431 1139 4493 aequum
1156 4414 1221 4491 suit,
1239 4434 1357 4481 conser-
