2934 5000
264 309 324 366 214
632 302 638 313 '
677 267 746 372 ns
768 309 950 374 ooaoss.

262 453 423 540 hospitium
437 465 489 525 tibi
503 481 571 524 cum
584 464 825 536 eointereedere,
839 462 878 522 ad
892 477 1007 540 operam
1018 460 1231 521 mercenariam
1243 463 1370 524 nomina

263 553 323 613 ista
342 575 494 634 perperam
512 555 689 615 traducens:
710 575 777 633 qum
798 557 978 631 enim-nequa
992 563 1042 612 aut
1051 558 1132 627 justa
1153 563 1251 631 potest
1265 555 1371 614 afferri

264 663 356 708 eausa
365 655 483 724 psopter
494 665 597 723 quam,
605 645 957 719 AEschine,·Glancomeae
967 645 1177 724 tympanistriae
1187 645 1246 704 lilio
1255 647 1367 724 hospes

264 746 316 794 aut
328 737 440 795 amicus
454 746 507 796 aut
519 748 694 798 notnsesset
708 739 881 817 Pbilippusi
903 737 966 814 Ego
979 737 1185 814 equidem-non
1197 737 1296 807 video,
1310 738 1367 796 sed

263 827 399 887 mercede
412 830 450 888 ab
462 847 499 889 eo
518 830 683 890 conductus
698 849 730 890 es
746 840 779 889 ut
797 831 902 889 horum
916 827 1071 888 commoda
1085 827 1286 888 labefactasse.
1326 829 1367 888 Et

262 927 373 988 tamen,
385 938 453 978 cum
466 921 674 981 ita-manifesto
687 924 725 981 ab
735 923 780 980 his
794 922 923 1000 proditor
934 918 1133 997 deprehensus
1146 915 1188 978 sis'
1200 930 1231 978 et
1243 920 1365 1000 inteip-

263 1029 328 1068 sum
347 1020 415 1088 post
437 1021 543 1071 eventa
554 1031 651 1071 rerum
664 1012 754 1072 index
772 1011 929 1082 exstiteris,
948 1009 1018 1068 mihi
1033 1007 1181 1068 maledicis
1199 1029 1293 1096 eaque
1311 1030 1364 1069 er-

261 1103 394 1180 probras,
408 1121 532 1181 quorum
541 1105 672 1182 quemvis
682 1105 779 1182 potius
793 1122 881 1183 quam
897 1120 942 1159 nte
958 1111 1106 1159 auctorem
1119 1100 1210 1160 tuisse
1223 1103 1362 1179 reperies.

267 1239 271 1245 .
304 1195 354 1252 88.
376 1178 485 1254 blultas
498 1214 544 1254 res
557 1205 588 1255 et
601 1213 721 1273 magnas
743 1204 773 1255 et
785 1195 939 1274 praeclaras
953 1191 1171 1251 civitastnostra
1184 1202 1215 1250 et
1230 1195 1364 1272 suscepit

262 1295 294 1344 et
307 1285 430 1345 feliciter
443 1286 535 1365 gessit
548 1307 593 1360 me
607 1296 735 1360 auctore,
750 1287 899 1358 AEschine,
913 1301 1036 1366 quarum
1051 1303 1109 1343 non
1123 1283 1214 1352 oblita
1227 1294 1283 1344 est.
1313 1286 1362 1346 ld-

262 1399 320 1457 que
333 1379 391 1438 hoc
403 1379 553 1440 declaret:
575 1380 735 1458 quodcum
749 1381 875 1460 populus
890 1379 1015 1456 aliquem
1030 1373 1128 1436 creare
1139 1375 1286 1454 velletque
1296 1395 1361 1438 ora·

262 1471 371 1532 tionem
384 1470 421 1529 de
435 1481 614 1532 mortuorum
621 1469 908 1542 laudibus-haberet,
918 1470 1029 1528 recenti
1039 1467 1137 1527 adbuc
1147 1467 1317 1540 clade,'non
1331 1479 1361 1529 te

261 1563 371 1622 creavit
393 1563 441 1641 qui
459 1564 625 1622 nominatus
647 1583 722 1636 eras,
738 1563 927 1642 'quantumvis
949 1561 1087 1632 vocalem,
1104 1579 1163 1619 non
1185 1560 1361 1634 Demadem‚

260 1655 311 1732 qui
325 1654 412 1712 modo
425 1663 529 1732 pacem
548 1656 667 1725 fecerat,
681 1675 741 1714 non
760 1654 941 1732 Hegemone,
961 1671 1020 1710 non
1035 1669 1218 1730 quemquam·
1232 1651 1360 1731 denique

260 1745 351 1804 aliurn
364 1756 500 1814 vestmm,
509 1747 563 1804 sed
578 1763 633 1804 me.
657 1746 696 1804 Et
708 1747 818 1804 cumin
832 1744 1145 1823 mediumprodissetis
1158 1756 1191 1804 tu
1205 1743 1234 1803 et
1248 1745 1362 1824 Pytho-

224 1877 229 1884 ι
259 1839 322 1896 cles
339 1836 522 1914 impudenter
534 1848 623 1914 atque
640 1838 813 1908 immaniter,
828 1857 880 1915 per
897 1827 968 1895 deos
989 1837 1165 1896 immortales
1180 1843 1187 1896 t
1201 1849 1230 1895 et
1247 1854 1294 1894 nte
1312 1839 1361 1898 his

259 1929 331 2006 ipsis
341 1927 519 1997 criminibus,
527 1929 632 2005 quibus
645 1938 679 1987 tu
691 1947 781 2000 nuno,
794 1928 1010 2000 insimularetis,
1021 1938 1051 1986 et
1059 1928 1197 1988 conviciis
1207 1931 1361 2007 peteretis,

253 2029 345 2079 -nsnto
358 2019 444 2078 etiarn
464 2019 637 2097 propensius
651 2036 698 2080 me
711 2019 831 2078 creavit:
860 2019 987 2079 Causam
1004 2019 1063 2078 ‘etsi
1082 2040 1137 2079 nec
1151 2021 1212 2099 ipse
1229 2021 1359 2096 ignoras,
1390 2019 1394 2027 “

258 2125 358 2170 mmen
372 2121 403 2169 et
414 2131 471 2190 ego
484 2113 537 2171 tibi
549 2112 656 2171 dicam,
692 2111 857 2191 Utrumque
872 2122 1020 2172 ¹noverant
1034 2113 1091 2181 isti,
1115 2122 1145 2170 et
1165 2127 1260 2170 meam
1271 2103 1305 2171 in
1325 2133 1357 2171 se

186 2238 190 2248 ι
257 2203 489 2263 benevolentiam
509 2203 661 2282 meamque
674 2205 704 2264 in
724 2205 848 2283 agendis
870 2205 957 2264 rebus
978 2198 1166 2274 alacritatem,
1188 2214 1217 2262 et
1228 2211 1358 2263 sobnam

257 2293 453 2372 iniquitatem:
476 2313 543 2374 qum
569 2296 657 2368 enim,
679 2296 747 2357 leto
768 2293 867 2356 reruni
885 2304 974 2364 stam,
995 2293 1084 2366 jurati
1105 2295 1271 2372 negavistis,
1292 2295 1357 2354 hmo

257 2385 361 2445 melem
371 2387 433 2467 'ubi
445 2385 609 2447 offenderat
627 2388 793 2465 respublica
805 2386 930 2466 professi
945 2386 1027 2445 estis.
1065 2385 1124 2444 Eos
1144 2385 1243 2465 igitur,
1257 2388 1307 2464 qui
1326 2388 1356 2445 in

255 2478 405 2538 commoni
425 2478 592 2539 calamitate
612 2481 798 2541 consiliorum
818 2495 935 2538 suorum
957 2478 1159 2558 impunitatem
1176 2477 1355 2547 invenerant,

256 2570 360 2630 hostes
372 2570 490 2649 quidem
499 2572 562 2648 jam
576 2580 673 2640 antea,
687 2582 759 2631 tunc
769 2580 800 2630 et
812 2570 983 2633 manifestos
994 2588 1057 2629 esse
1072 2570 1284 2630 existimarunt
1309 2572 1356 2631 st-

257 2663 375 2740 mulque
388 2661 543 2721 consenire
556 2663 686 2721 arbitrati
702 2671 780 2732 sunt,
797 2680 863 2721 eum
876 2663 926 2740 qui
940 2662 978 2721 de
992 2662 1112 2721 mortuis
1127 2656 1285 2722 orationem
1301 2665 1356 2723 ha-

255 2754 369 2813 biturus
382 2762 462 2814 esset
470 2772 629 2831 eorumque
637 2755 772 2815 virtutem
787 2755 996 2826 celebraturus,
1011 2772 1106 2832 neque
1116 2754 1356 2814 contubernalem

256 2864 352 2922 neque
371 2844 542 2918 foederatum
556 2843 649 2904 luisse
667 2845 702 2903 iis
715 2845 766 2923 qui
784 2844 923 2906 adversus
937 2845 1002 2905 iilos
1018 2846 1166 2905 instructa
1185 2844 1354 2925 acie-depu-

256 2945 427 3015 gesserant,
437 2954 533 3013 neque
542 2953 610 2994 cum
618 2934 677 2996 iilic
686 2936 892 2997 comissaretur
901 2936 1085 3017 hymnosque
1093 2948 1212 2997 caneret
1221 2938 1355 2997 obGrse-

255 3046 356 3087 corum
375 3025 476 3085 clades
494 3044 633 3085 unacum
644 3027 716 3106 ipsis
737 3028 827 3087 caedis
841 3028 1046 3106 patratoribus,
1066 3028 1123 3088 huc
1136 3044 1282 3087 reversum
1300 3028 1355 3087 iro·

255 3140 325 3180 nore
344 3119 421 3179 affici
435 3127 579 3199 oportere,
593 3137 687 3197 neque
701 3108 839 3179 sim'ulata
857 3139 929 3179 voce
949 3118 1060 3179 iliorum
1074 3120 1222 3179 somonam
1240 3121 1354 3179 lamen-

253 3212 319 3283 tari,
333 3211 387 3271 sed
400 3230 438 3269 en
450 3211 550 3270 animo
560 3211 647 3271 simul
661 3211 771 3271 dolere.
793 3212 860 3270 Hoc
874 3221 971 3269 autem
984 3209 1123 3269 sidebant
1134 3211 1163 3270 in
1175 3229 1207 3268 se
1221 3219 1309 3288 atque
1323 3212 1354 3271 in

253 3322 300 3362 me
315 3321 393 3375 esse,
411 3302 442 3360 in
455 3303 538 3363 vobis
551 3322 622 3361 nero
635 3303 760 3361 minime.
791 3302 947 3382 Propterea
961 3320 1007 3360 me
1020 3301 1201 3380 delegerunt,
1215 3321 1274 3361 non
1287 3322 1353 3363 sos.

254 3394 358 3472 Neque
371 3413 458 3471 porro
475 3394 516 3453 ita
528 3393 600 3454 lecit
613 3395 749 3474 populus,
764 3406 943 3453 mortuorum
958 3402 1056 3453 autem
1074 3404 1173 3472 patres
1192 3404 1278 3473 atque
1292 3396 1352 3455 ira-

253 3494 323 3552 tres,
337 3484 376 3542 ad
394 3484 483 3544 funus
495 3486 710 3563 procurandum
730 3506 750 3545 a
761 3486 871 3565 populo
889 3496 960 3567 tunc
976 3485 1072 3557 electi,
1089 3486 1262 3557 secus‚'·sed
1281 3506 1352 3546 cum

252 3576 323 3633 dare
333 3593 384 3632 eos
399 3586 546 3661 oporteret
557 3565 677 3656 epulum
685 3576 844 3656 parentale,
859 3578 915 3637 hoc
931 3578 1034 3655 ipsum,
1043 3587 1183 3655 tanquam
1194 3579 1273 3656 apud
1283 3598 1351 3639 eum

252 3668 301 3747 qui
322 3676 450 3725 mortuos
475 3685 589 3728 summa
606 3668 823 3729 necessitudine
839 3670 1005 3748 attingeret,
1024 3669 1268 3747 quemadmodum
1292 3671 1353 3733 alia

247 3759 313 3818 fieri
327 3758 432 3827 solent,
444 3760 522 3836 apud
532 3778 582 3817 me
594 3761 746 3819 iecerunt:
767 3780 861 3840 neque
874 3763 989 3841 injuria.
1000 3800 1009 3809 -
1022 3760 1137 3822 Genese
1146 3763 1227 3822 'enim
1241 3762 1351 3843 singuli

251 3848 371 3929 singulis
385 3859 471 3907 erant
487 3868 532 3906 me
544 3850 983 3928 propinquioreacommuniter
996 3863 1094 3912 autem
1107 3855 1247 3913 universis
1261 3866 1352 3916 nemo

250 3940 432 4021 conjunctior
444 3960 460 3999 :·
472 3958 540 3998 narn
555 3946 638 4015 cujus
656 3941 793 4001 intererat
806 3944 929 4003 maxime
948 3944 1045 4004 salvos
1060 3964 1124 4005 esse
1145 3945 1211 4005 illos
1230 3966 1265 4005 ec
1281 3946 1349 4005 feli-

249 4034 323 4093 citer
336 4052 395 4091 rem
411 4050 520 4110 gerere,
534 4034 559 4092 is
573 4042 765 4110 posteaquam
778 4054 814 4093 ea
823 4036 983 4107 subierunt,
995 4058 1062 4117 quse
1074 4037 1183 4097 utinam
1197 4050 1348 4116 nunqnam

250 4125 415 4196 subiissent,
430 4123 538 4184 doloris
552 4124 681 4183 omnium
694 4124 813 4183 interitu
829 4128 957 4205 suscepti
972 4140 1083 4207 partem
1101 4129 1254 4187 maximam
1270 4128 1347 4190 tulit.
1460 4164 1461 4167 ¹

250 4214 356 4274 Recita
367 4221 436 4275 se'ro
449 4216 495 4275 isti
501 4216 562 4275 ¹boc
575 4216 765 4295 epigramma,
778 4218 858 4295 quod
872 4222 987 4298 publice
1002 4217 1151 4280 iis'civitas
1164 4218 1282 4281 inscribi
1295 4236 1349 4281 vo-

249 4305 321 4365 luit:
342 4317 375 4365 ut
387 4328 424 4365 ex
435 4308 494 4367 boc
506 4310 593 4367 etiam
607 4308 763 4386 intelligas,
781 4310 927 4385 AEsnlrine,
942 4314 1072 4390 iniquum
1089 4330 1154 4371 asse
1173 4322 1203 4376 te
1217 4322 1247 4373 et
1257 4330 1349 4393 syco-

248 4398 387 4475 phantam
401 4399 607 4460 etscelestum.
644 4399 759 4459 Recita.
