2934 5000
225 352 230 359 ,
254 293 313 353 aar
607 302 614 314 ,¹
629 236 802 345 courua
824 279 994 341 umrau.

241 446 280 502 'si
292 438 411 521 qmudo
422 440 469 500 val
483 439 600 499 occasio
614 438 660 497 rel
673 436 833 498 necessitas
847 432 990 494 inciderit
1012 430 1095 491 Alter
1107 432 1159 509 qui
1172 431 1358 510 adetum

254 534 319 612 quis
332 542 378 593 est
392 531 546 602 violentus,
560 550 666 600 sutus,
676 530 725 609 qui
740 540 802 587 tum
813 524 937 587 nemum
950 524 1114 597 mseoetnr,
1126 534 1191 583 tum
1205 524 1358 585 nminem

163 648 169 655 ·
254 624 401 685 hominem
414 636 480 682 esse
499 630 594 701 putat.
625 621 737 680 Eudem
748 616 1045 696 hmcvectigalisisti
1064 616 1145 697 apud
1156 616 1291 695 singulos
1302 634 1357 675 re·

162 724 165 727 '
255 717 352 796 posita
365 713 534 775 essedecet.
555 714 599 773 Tu
613 713 710 793 igitur,
724 714 775 792 qui
788 712 877 772 talem
889 710 1044 771 cohectsm
1057 692 1230 789 expleveris,
1243 709 1357 787 dignos

198 866 202 879 ,
254 830 287 871 cs
302 808 352 889 qui
376 808 438 887 ipse
450 826 530 867 nuuc
543 806 667 867 eandem
678 804 811 885 recipias.

295 902 346 959 29.
368 900 499 960 Arbitror
519 900 666 978 equidem,
680 898 887 965 Athenienses,
909 896 964 955 etsi
978 904 1121 975 praterea
1140 893 1212 955 nihil
1225 910 1355 953 amsan-

256 993 326 1052 dum
340 993 370 1052 in
391 990 487 1051 blidin
502 992 649 1063 haberem,
670 1008 725 1049 uec
745 1007 781 1048 es
800 1007 867 1067 qum
885 988 1013 1047 dicende
1025 978 1153 1059 'metant
1170 986 1355 1063 superiorum

256 1085 407 1145 criminum
420 1085 602 1143 atrocitatem
616 1090 798 1161 superarent,
806 1082 873 1159 jure
885 1098 938 1140 ros
951 1099 987 1139 ex
999 1079 1046 1138 his
1058 1098 1126 1157 quse
1142 1076 1266 1143 diurnus
1283 1097 1356 1137 enm

256 1177 502 1235 condemnaturus
515 1184 546 1233 et
555 1174 650 1253 capite
660 1173 739 1233 litem
753 1171 955 1231 resumaturos.
978 1171 1044 1228 Non
1059 1180 1158 1229 tamen
1170 1169 1219 1228 hic
1232 1169 1273 1228 rei
1284 1170 1355 1228 linis

256 1266 321 1339 tuit,
334 1284 432 1345 neque
444 1264 514 1323 mihi
528 1265 621 1341 plura,
636 1258 702 1342 qu‘oe
716 1262 877 1342 subjiciam,
891 1261 1029 1319 defutura
1041 1268 1123 1319 sunt.
1152 1259 1277 1319 Tantam
1296 1259 1356 1318 iate

256 1356 327 1423 mibi
347 1356 507 1417 accusandi
527 1358 572 1415 sui
592 1355 706 1435 copiam
722 1352 928 1431 suppeditavit.
954 1351 1045 1419 Quod
1064 1350 1152 1429 igion
1171 1350 1355 1409 desertorum

227 1498 232 1501 .
256 1448 392 1508 ordinum
405 1448 550 1508 achonem
564 1449 667 1507 corltra
679 1464 727 1504 ma
740 1444 924 1504 machinatus
934 1454 992 1515 est,
1003 1450 1035 1501 et
1046 1444 1097 1521 qni
1110 1442 1142 1499 id
1155 1441 1264 1501 iacent
1275 1459 1358 1500 mer·

255 1539 328 1599 cede
341 1538 493 1612 conduxit,
508 1539 689 1615 inquinatum
701 1538 782 1597 illum
796 1546 828 1595 et
839 1535 924 1594 nimis
943 1534 1125 1613 expeditum,
1139 1532 1355 1593 Euctemonem

255 1630 460 1709 pulvisculum,
473 1632 712 1709 praetermittam„
729 1628 795 1687 Nec
816 1628 893 1687 euim
912 1625 1097 1705 sycophanta
1114 1624 1164 1683 ille
1174 1626 1246 1684 mibi
1261 1644 1355 1704 nego-

254 1721 326 1781 tium
337 1723 465 1793 sacassit,
478 1740 533 1781 uec
546 1721 602 1781 ists
615 1721 704 1781 ullam
719 1721 758 1778 ob
767 1719 854 1780 ubam
868 1736 988 1777 nauum
1002 1716 1153 1789 conduxit,
1166 1716 1222 1776 nisi
1236 1729 1271 1776 ut
1283 1728 1354 1777 ante

255 1822 369 1873 metuas
390 1812 511 1873 heroum
529 1820 666 1883 exstaret,
686 1828 847 1890 omnesque
869 1809 1020 1869 ridereutt
1043 1808 1263 1869 Euctemon
1285 1810 1354 1867 Ln-

209 1958 215 1965 .
256 1904 406 1963 aiensis
429 1902 641 1963 accusauit
665 1899 970 1960 Demosthenem
992 1900 1265 1959 Paeaniensem
1288 1900 1353 1960 de·

257 2003 450 2053 sertorum
471 1991 607 2053 ordiuu
617 2010 657 2049 m.
684 1992 727 2051 Ac
740 1988 935 2051 mihividatur
948 1992 1034 2063 illud,
1047 1992 1073 2051 si
1085 1991 1243 2069 quomodo
1254 1991 1354 2052 licuis-

257 2092 311 2153 eet,
332 2083 454 2143 libenter
478 2084 689 2163 adscripturus,
706 2100 739 2143 se
758 2102 778 2141 a
792 2082 920 2142 Midia
937 2082 1181 2143 conductum
1200 2100 1353 2143 nomme.

257 2174 318 2234 Sed
331 2174 521 2235 bseoomitto.
550 2176 627 2233 Nam
644 2192 705 2252 quo
724 2174 922 2252 ipsejudicio,
943 2175 1058 2232 actione
1076 2174 1195 2246 omissa,
1215 2175 1353 2234 inlamem

256 2284 321 2325 sese
335 2265 473 2334 reddidit,
487 2265 525 2325 de
539 2266 654 2345 eomihi
669 2280 727 2323 non
744 2256 819 2343 opus
832 2275 880 2323 est
893 2264 951 2323 alio
959 2264 1082 2342 judicio,
1097 2265 1151 2324 sed
1170 2266 1228 2325 bac
1240 2267 1352 2327 ultione

256 2364 498 2417 snmcontentus.
1170 2344 1174 2349 ’

188 2492 195 2499 .
297 2450 346 2508 30.
364 2447 451 2517 Quod
461 2468 540 2528 raro,
552 2448 760 2520 Athenienses,
774 2454 804 2507 et
816 2448 965 2520 acerbum,
975 2455 1006 2506 et
1013 2446 1352 2521 miserandumetcom·

166 2612 171 2619 Ι
256 2558 344 2600 mune
357 2539 427 2598 mibi
439 2540 557 2619 quidem
570 2541 728 2620 piaculum,
745 2559 804 2600 nou
818 2539 925 2611 soclus,
945 2539 1105 2600 admissum
1124 2561 1190 2601 essa
1208 2544 1245 2601 ab
1259 2561 1295 2602 eo
1307 2545 1352 2602 vi·

256 2631 352 2703 detur,
365 2629 396 2690 id
404 2635 467 2704 iam
481 2632 594 2690 dicam
615 2651 683 2712 nam
698 2628 804 2690 afflicto
822 2641 853 2691 et
864 2649 1031 2693 mtumnoso
1049 2631 1221 2692 Aristarcho
1234 2633 1353 2694 Moschi

256 2720 315 2780 filio
329 2739 419 2798 quum
434 2722 542 2781 malum
560 2732 590 2780 et
607 2739 696 2800 grave
710 2722 821 2782 crimen
843 2722 1027 2800 objiceretur,
1039 2723 1175 2802 primum,
1189 2724 1354 2785 Athenien-

128 2823 134 2834 ·
256 2827 315 2881 ses,
336 2812 366 2868 iu
380 2811 443 2870 foro
456 2812 658 2882 obambulans,
671 2812 777 2891 impios
791 2824 823 2872 et
839 2831 900 2872 nou
921 2814 1059 2874 ferendos
1077 2815 1117 2874 de
1137 2833 1186 2874 me
1201 2834 1353 2876 sermones

256 2919 392 2979 spargere
403 2901 544 2974 audebat,
556 2921 604 2960 me
617 2901 695 2962 illius
714 2903 852 2963 facinoris
866 2921 931 2964 esse
945 2915 1104 2967 auctorem.
1132 2905 1247 2974 meus
1265 2909 1354 2966 rebus

256 3011 325 3052 cum
338 2989 410 3050 nihil
422 2991 585 3070 proliceret,
598 2991 791 3054 accedensad
805 3015 866 3068 eos,
879 2996 930 3073 qni
943 3015 1010 3056 anm
1023 2998 1113 3057 credis
1125 2998 1190 3078 ejus
1201 2999 1354 3058 insimula-

256 3083 337 3154 bsnt,
350 3081 494 3162 perempti
508 3085 700 3158 necessarios,
717 3087 872 3164 pecuniam
885 3084 1088 3164 pollicebatur,
1103 3088 1129 3148 ai
1144 3107 1193 3148 me
1205 3089 1284 3148 iliius
1297 3089 1353 3148 cri·

256 3171 342 3232 minis
356 3183 547 3233 arcesserent.
570 3174 634 3234 Nee
645 3177 682 3236 ab
697 3195 732 3234 eo
746 3186 864 3247 conatu,
876 3176 925 3236 vel
937 3177 1051 3256 religio,
1063 3179 1112 3237 rel
1126 3180 1178 3257 jus
1190 3189 1223 3239 et
1233 3182 1292 3250 fus,
1306 3181 1352 3240 vel

256 3263 413 3342 quicquam
426 3283 493 3324 eum
510 3265 590 3325 aliud
604 3265 747 3346 impediit,
758 3277 846 3345 atque
861 3267 1009 3328 deterruit.
1030 3269 1097 3330 Noc
1107 3269 1226 3329 illorum
1237 3271 1354 3350 pruma

257 3357 392 3434 aquibus
404 3358 460 3417 ista
473 3360 601 3436 petebat,
614 3358 638 3418 si
650 3359 709 3418 tale
722 3378 758 3419 ac
766 3360 881 3419 tautum
894 3360 1004 3418 crimen
1017 3362 1048 3419 iu
1065 3361 1192 3440 aliquem
1204 3364 1352 3424 insonter

245 3452 421 3530 conjiceret.
451 3450 521 3524 Sed,
535 3471 603 3511 cum
617 3453 698 3512 hunc
711 3471 803 3511 unum
821 3452 876 3510 sibi
888 3451 972 3528 quasi
985 3452 1106 3512 limitem
1119 3455 1305 3539 praebuisset,
1317 3464 1354 3514 ut

257 3557 305 3597 mo
317 3539 433 3599 tolleret
453 3543 591 3611 emedio,
611 3541 681 3602 nihil
700 3543 978 3621 praetermittendum
990 3561 1057 3603 esse
1073 3544 1166 3615 duxit,
1185 3547 1271 3623 qnam
1282 3565 1353 3606 vern

257 3640 399 3712 oporteat,
413 3635 472 3709 qui,
487 3635 670 3694 contumeliis
690 3646 721 3696 et
734 3636 846 3713 injuriis
866 3637 903 3694 sb
925 3655 962 3695 eo
979 3647 1130 3711 oneratus,
1143 3637 1284 3698 ultionem
1296 3640 1352 3700 sss-

164 3731 168 3744 '
256 3723 332 3802 gitat
344 3739 401 3781 neo
419 3721 532 3795 reticet,
550 3743 617 3783 eum
630 3727 853 3785 exterminatum
866 3726 930 3785 tolli
942 3747 960 3786 e
974 3728 1082 3801 madio,
1100 3748 1156 3789 nec
1168 3745 1295 3806 nquam
1306 3749 1353 3789 re·

172 3881 175 3888 ,
256 3815 376 3894 spirare,
386 3813 459 3892 quin
471 3821 502 3871 et
515 3812 693 3874 desertorum
714 3817 848 3876 ordinum
866 3836 950 3876 reum
969 3819 1081 3899 peragi¹
1093 3831 1130 3880 ‘at
1150 3821 1242 3882 credis
1261 3841 1352 3882 accu-

174 3985 177 3991 .
256 3907 323 3980 sari,
338 3925 373 3965 ac
386 3913 499 3964 tautum
513 3923 573 3964 uon
587 3904 655 3983 palo
668 3907 759 3985 affigi.

298 4000 348 4057 el.
362 3997 450 4064 Quod
458 3996 483 4054 si
496 3996 560 4055 hoec
573 3995 678 4056 iecisse
691 3999 891 4070 convincetur,
900 4002 1351 4081 pretereaqaibusinoedilitme

257 4109 304 4150 me
312 4089 479 4170 exagitavit,
491 4087 649 4172 quamjurc
659 4089 885 4151 misericordiam
895 4093 1014 4164 euobis,
1023 4111 1113 4172 quarn
1122 4095 1352 4156 vmiamconse·

256 4181 384 4259 queturi
402 4181 481 4240 Nam
502 4199 558 4260 ego
574 4180 701 4259 quidem,
716 4181 921 4252 Athenienses,
930 4183 977 4243 his
985 4185 1247 4248 machinationibus
1259 4189 1352 4248 inter·

256 4271 394 4330 lectorem
407 4291 503 4332 meum
516 4272 663 4332 exstitisse
675 4272 758 4332 illum
767 4273 887 4351 judico;
905 4293 942 4335 sc
951 4285 1014 4334 tum
1024 4277 1144 4354 quidem
1157 4277 1351 4338 ileoclnnsli·

255 4362 310 4420 bus
320 4373 462 4438 ornatum,
477 4375 507 4424 et
519 4381 634 4444 eorpus,
649 4371 840 4445 sumptusque
853 4386 934 4430 meos
944 4384 1047 4430 omnes
1057 4369 1179 4444 ianime,
1189 4389 1270 4431 nuuc
1281 4390 1349 4432 vero
