2934 5000
204 267 243 325 44
523 267 798 331 otunuurrcr
818 269 866 332 111
890 270 941 348 (r).

172 401 178 418 ⁸
205 421 261 481 n'ut
272 440 325 482 ros
337 442 421 502 opem
434 425 545 486 ieratis.
566 426 623 508 'Au
636 427 710 486 alius
723 425 889 506 quispismi
911 425 956 484 At
967 422 1084 486 hercule
1097 421 1186 482 uolet.
1228 421 1305 482 ou·

208 512 288 572 nium
303 523 383 574 certe
396 517 633 576 absurdissimum
646 518 743 588 tirerit,
757 518 792 591 si,
807 536 874 596 quse
890 535 970 576 nuuc
986 514 1074 574 etium
1086 533 1154 573 curu
1173 513 1308 574 stultitioe

193 667 195 676 ,
207 607 428 686 reprehensione
439 619 537 668 tomen
547 607 701 686 eloquitur,
713 627 751 666 en
758 609 829 692 duta
838 617 985 686 potestate
992 625 1052 666 nou
1061 605 1180 666 luceret.
1201 604 1306 672 Quou-

208 708 271 758 tum
290 709 388 761 sutem
405 701 527 775 intersit,
545 701 593 760 hic
612 719 649 760 nu
668 700 728 760 illic
747 701 857 760 bellum
876 709 1002 778 geratur,
1022 698 1117 760 verbis
1138 697 1212 758 nibil
1230 716 1307 776 opus

209 809 277 852 esse
290 793 423 853 arbitror.
465 794 497 853 Si
518 794 594 854 enim
613 803 762 872 oporteret
774 811 827 852 vos
847 793 926 871 ipsos
939 793 1058 871 triginta
1077 789 1222 850 duntaxat
1242 789 1308 848 dies

165 931 171 938 .
208 883 279 943 ioris
297 903 373 957 esse,
389 894 419 944 et
433 905 499 964 qum
518 884 625 946 ciendo
644 895 712 944 sunt
730 885 880 953 exercitui,
893 903 959 944 ene
977 883 1069 944 nostri
1083 883 1147 962 egri
1158 880 1308 962 proventi-

210 975 265 1034 bus
277 987 388 1055 petere,
404 979 459 1038 etsi
471 977 568 1037 nullus
582 979 699 1056 inquom
716 975 809 1036 hostis
830 978 860 1036 in
879 996 915 1036 eo
935 984 1109 1048 versaretur,
1122 974 1217 1054 mujus
1231 973 1309 1034 erbi-

209 1075 270 1126 tror
283 1067 421 1128 damnum
434 1079 605 1150 accepturos
625 1068 688 1130 iore
708 1087 759 1128 eos
771 1079 897 1129 vernum
911 1069 961 1148 qui
980 1088 1067 1149 egros
1085 1067 1198 1137 colunt,
1218 1083 1310 1146 quum

209 1149 250 1218 cx
261 1160 402 1222 universio
416 1164 557 1240 coemtio
568 1161 638 1223 belli
652 1162 807 1242 superioris
820 1161 968 1241 impensis.
1008 1160 1097 1231 Quod
1119 1160 1144 1218 si
1165 1179 1233 1239 qum
1253 1158 1309 1218 ho·

211 1247 292 1310 utiles
305 1251 398 1331 cupite
411 1251 554 1327 venerint,
567 1263 710 1333 quantum
721 1254 829 1314 exindo
844 1252 982 1313 domnum
990 1254 1052 1314 iore
1070 1252 1195 1332 putetis!
1215 1251 1311 1312 Acce-

211 1338 264 1400 det
283 1344 461 1404 contumelia
480 1357 568 1424 utque
588 1345 708 1426 insuper
727 1345 821 1424 ipsius
834 1345 876 1405 rei
890 1345 1030 1421 dedecus,
1045 1343 1126 1424 quod
1142 1343 1215 1404 nulli
1230 1342 1312 1403 cedit

212 1435 366 1511 mulorum,
381 1439 556 1519 sapientium
570 1440 673 1502 saltem
682 1437 806 1516 judicio.

256 1530 303 1588 ll.
325 1530 423 1598 Quare
437 1534 534 1594 omnis
545 1533 609 1593 brec
631 1542 700 1594 ente
718 1533 821 1594 oculos
835 1531 977 1592 hebentes
991 1530 1118 1591 uniuersi
1137 1548 1223 1610 opem
1236 1530 1313 1588 lene

213 1627 244 1680 ct
255 1621 368 1682 bellum
379 1623 450 1684 illuc
464 1625 576 1686 emoliri
585 1625 702 1695 debent,
721 1624 836 1694 divioes,
847 1636 882 1682 ut
890 1642 943 1702 pro
952 1623 1051 1683 multis
1069 1641 1137 1701 quoe
1156 1621 1244 1682 deum
1259 1623 1313 1680 be-

213 1713 357 1791 nignitate
377 1715 540 1792 possideut,
560 1734 656 1795 peuce
672 1703 885 1793 impendentes,
907 1714 1026 1794 reliquis
1048 1734 1150 1776 secure
1169 1715 1316 1786 fruuntur,

210 1803 348 1883 juvenes,
361 1817 396 1865 ut
409 1807 439 1864 in
454 1805 579 1886 Philippi
593 1825 685 1885 reguo
704 1817 790 1885 purte
802 1806 931 1864 bellandi
943 1806 1046 1886 peritis
1058 1804 1255 1865 formidabiles
1267 1809 1314 1866 in-

216 1895 339 1958 columis
353 1897 455 1976 petrin
473 1899 611 1958 custodes
630 1897 711 1970 fient,
733 1906 872 1967 orutmes,
888 1908 922 1955 ut
935 1899 966 1954 in
979 1895 1139 1956 reddendis
1153 1898 1316 1960 rationibus

217 1987 496 2054 administrationem
513 2006 596 2048 susm
609 1989 696 2048 facile
715 1988 790 2046 tueri
812 1988 934 2066 possint,
953 2006 1023 2046 unm
1040 1997 1075 2047 ut
1095 2007 1139 2048 em
1156 2008 1203 2050 res
1226 2002 1316 2052 eruut

218 2101 285 2161 quoe
298 2082 380 2142 vobis
394 2081 537 2153 evenient,
550 2078 592 2138 ito
604 2088 633 2138 ot
646 2098 699 2138 vos
712 2079 750 2137 de
763 2079 836 2138 sctis
849 2098 950 2140 eorum
958 2078 1136 2158 judicabitis.
1168 2082 1244 2148 Qute
1256 2082 1318 2144 uti·

218 2192 286 2234 uum
298 2175 384 2250 boute
399 2175 458 2233 siut
469 2170 699 2250 uuiuscujusque
713 2172 818 2250 grstia.

252 2333 299 2394 “.·
316 2332 457 2404 Philippus
469 2349 541 2388 suno
552 2332 709 2404 insequenti
722 2327 874 2400 Olynthum
888 2318 971 2401 cepit.
1007 2331 1080 2386 Eum
1096 2330 1190 2387 omnis
1199 2333 1319 2388 Atheni·

219 2415 324 2469 ensium
343 2415 465 2470 subsidio
482 2422 511 2470 ct
523 2421 666 2470 conotusu
681 2415 839 2468 domesticis
853 2414 939 2484 ipsius
953 2413 1077 2469 hortibus
1089 2417 1160 2469 tueri
1172 2431 1226 2469 non
1239 2421 1319 2486 pote·

220 2503 297 2553 runt:
318 2499 375 2553 duo
387 2499 460 2552 cuim
473 2499 534 2567 ejus
546 2499 629 2567 cives,
644 2495 830 2566 Euthycrates
840 2502 870 2551 et
885 2496 1046 2555 Lusthencs.
1062 2514 1123 2552 cum
1135 2499 1323 2567 prodiderunt.

220 2580 266 2634 lte
276 2579 429 2649 Philippus,
447 2580 637 2647 largitionibus
649 2580 693 2633 uis
703 2580 787 2644 fectu,
803 2580 928 2633 miserum
941 2579 1036 2633 urbem
1047 2579 1208 2648 ingreditur,
1223 2582 1320 2635 diruit-

220 2677 291 2731 quc;
309 2666 416 2731 purtem
434 2662 535 2715 citium
555 2662 678 2715 servituti
697 2660 809 2726 eddicit,
828 2665 932 2729 purtem
947 2662 1116 2727 ronumdst3
1134 2677 1224 2733 neque
1240 2662 1320 2718 slitcr

220 2756 304 2811 quum
316 2742 462 2797 crudeliori
475 2742 571 2797 mortis
581 2756 680 2811 genae
692 2741 845 2812 proditores
857 2745 989 2799 conteris
998 2742 1149 2813 disfinguit.
1174 2745 1321 2814 Olynthii,

219 2824 303 2879 sicuti
317 2824 378 2893 jum
393 2824 594 2891 annotavimus,
609 2824 728 2894 Philippi
750 2824 967 2894 indignstiouem
985 2826 1132 2891 subierunt,
1153 2830 1229 2897 qnod
1248 2830 1320 2884 duos

220 2909 314 2963 bstres
325 2907 395 2976 ejus,
406 2910 454 2977 qui
465 2924 503 2961 cx
513 2908 598 2962 sltero
609 2908 763 2977 conjugio·
775 2909 802 2962 ci
812 2913 981 2977 supererunt,
993 2925 1042 2977 pcr
1057 2910 1268 2965 misericordium
1277 2928 1323 2966 rc-

222 2994 361 3059 ceperuut.
399 2990 502 3043 Eorum
515 2989 629 3057 scilicet,
643 2990 720 3060 qussi
739 2991 958 3058 competitorum,
972 2995 1114 3058 mansus,
1129 2993 1232 3062 quippe
1248 3010 1322 3063 quos

220 3075 363 3142 inputem
377 3072 454 3141 regui
465 3072 641 3126 Macedonici
656 3072 716 3143 ipse
727 3072 930 3141 quodammodo
951 3076 1048 3126 nutura
1059 3090 1155 3127 vocure
1167 3075 1320 3143 videbatur,

224 3170 253 3208 se
265 3170 375 3225 prorsus
386 3152 420 3207 sb
433 3154 466 3206 iis
477 3152 588 3207 liberare
600 3154 695 3225 uoluit,
708 3154 790 3206 sicuti
802 3157 883 3205 eumn
892 3154 1005 3206 tertium
1015 3155 1049 3207 de
1059 3154 1150 3208 medio
1159 3160 1323 3226 sustulcrst3

223 3242 308 3307 utque
319 3236 360 3289 itu
370 3237 480 3289 demum
490 3234 559 3289 ierus
570 3234 653 3289 enimi
664 3236 705 3288 sui
717 3236 886 3305 suspiciones
898 3236 1091 3306 tranquillavit
1134 3236 1223 3307 igitur
1234 3240 1321 3310 Olyn-

225 3320 303 3373 thum
317 3320 432 3383 obsidet,
446 3322 600 3387 cxpugnnt,
617 3318 826 3387 exscinditqu03
844 3318 940 3371 irenes
950 3318 1017 3372 olim
1035 3318 1171 3374 destinsto
1186 3324 1323 3393 supplicio

225 3402 320 3463 trudit:
337 3402 484 3471 proedsque
495 3400 599 3469 ingenti
612 3400 713 3469 puriter
723 3404 753 3453 ct
763 3399 899 3469 parricidii
911 3406 976 3454 roto
984 3400 1091 3457 fruitur.

1107 3496 1279 3561 Tounuuu.

258 3625 398 3687 ’Amyntor
408 3623 512 3686 Philippi
521 3631 587 3686 pstor
601 3640 632 3672 eu
644 3624 762 3687 Eurydice
785 3632 861 3681 trem
874 3621 944 3669 lilium
964 3623 1036 3673 etism
1052 3626 1198 3687 huonon:
1222 3646 1252 3676 cx
1273 3633 1325 3694 ⁰5·

228 3688 473 3749 constantinopli,
486 3689 651 3745 Alexndrum,
663 3688 761 3737 Perdic-
784 3702 843 3749 puer
848 3695 924 3735 sutem
932 3689 1327 3752 Archelaum,Arohidsum,lleoo.

226 3770 286 3812 um,
299 3762 324 3803 et
338 3754 470 3815 Philippum
485 3754 612 3803 Alsxsudri
624 3754 704 3815 lingui
719 3769 759 3815 pu·
781 3754 852 3803 trum.
879 3754 972 3804 Brocs.
