2934 5000
398 310 570 377 oourrr
594 311 955 392 erroroousrnrr„
1137 314 1200 373 sos

105 482 198 547 certo,
209 470 300 533 ceteri
310 470 352 529 sis
366 467 538 537 hisedocu',
552 484 620 527 curn
633 469 675 533 itu
686 468 727 528 sit
738 468 770 527 irr
781 482 837 527 uos
848 464 977 526 snirnsts
989 465 1200 531 Cmdhnorun

105 564 217 634 cisitss,
241 573 276 623 ut
298 571 354 629 eet,
374 559 585 637 Gsrsoiricptss,
605 558 741 621 Thraciis
758 556 885 637 segedin
905 557 1201 641 confectissimus

107 656 210 715 diebm
221 654 316 714 ‘licere
335 651 551 714 Chersonesum
571 660 636 727 tuto
656 650 807 711 insedere.
833 648 912 709 Nem
927 649 978 727 qni
1001 650 1151 713 Cirslcidis
1170 656 1201 715 is

106 746 218 807 Euboe
229 745 304 805 situs
314 742 410 803 estsd
424 741 578 811 Βωοιιιιιιι,
590 740 708 803 idsmiu
719 741 904 802 Chersoneso
911 740 1068 802 cneius
1076 744 1202 809 eruum

106 838 181 897 situs
195 846 242 897 est
258 836 297 899 sd
312 834 470 895 Threciam
487 846 675 911 comperero.
700 834 778 902 Qua
792 852 853 912 quo
864 834 932 894 ioco
942 833 1041 911 posite
1058 832 1107 908 sit,
1120 838 1202 916 qur's·

105 929 171 1008 quis
183 937 314 991 restrum
327 926 421 997 norit,
433 924 512 985 idem
526 925 660 1003 mouture
674 944 733 984 nou
746 934 856 1003 potest,
864 924 904 985 sd
915 941 1005 1003 quern
1018 928 1203 989 meseonem

106 1020 186 1081 illum
205 1019 341 1091 retinsst,
354 1008 457 1077 et'cur
479 1024 630 1095 tantopere
653 1016 846 1089 contendent,
867 1034 905 1077 ue
924 1018 1010 1079 vohis
1030 1020 1203 1083 truderetur.

109 1112 215 1191 Neque
229 1129 298 1171 sero
313 1110 370 1189 ipsi
389 1106 502 1169 &iretis
515 1107 642 1192 hostiurn
655 1126 826 1186 promovere
844 1108 1010 1179 commode,
1021 1126 1081 1187 quo
1092 1128 1147 1170 vos
1160 1110 1204 1171 is-
1254 1132 1262 1144 ·

108 1204 194 1263 cilius
203 1210 386 1283 oppugnent,
400 1199 609 1277 redeuntum
622 1198 684 1259 lieri
696 1209 802 1278 potest,
814 1195 979 1276 prohibere,
991 1218 1028 1259 sc
1039 1201 1203 1279 providere,

109 1314 148 1359 ue
160 1294 218 1355 iilis
231 1302 404 1357 eontrs'vos
418 1291 511 1354 detur.
524 1291 744 1371 opportuuitssz
765 1308 834 1350 uum
846 1310 881 1350 ss
899 1288 973 1349 uuili
988 1288 1135 1353 occasioni
1151 1294 1205 1355 de·

110 1387 254 1457 intusum.
280 1385 449 1449 declmuit.
487 1384 565 1447 tium
590 1384 668 1443 cuim
695 1380 848 1461 Philippus
871 1382 1045 1449 Maronesm
1070 1386 1207 1460 venisset,

111 1476 289 1558 Apollonide
302 1475 405 1547 misso,
419 1475 508 1539 fidem
519 1474 548 1535 si
559 1484 590 1537 et
601 1472 757 1535 Pammeni
769 1472 860 1533 dedit
881 1474 973 1540 Quod
985 1473 1017 1533 ni
1029 1474 1208 1547 smmocus,

111 1568 164 1649 qui
175 1568 325 1647 regionem,
337 1566 478 1645 presidiis
491 1566 620 1638 tcoebst,
632 1564 828 1627 interdixisset
837 1564 985 1645 Philippo,
994 1584 1032 1625 ne
1041 1566 1207 1637 secederet,

112 1658 184 1719 nihii
198 1658 368 1731 obstitisset,
386 1678 445 1737 quo
457 1657 552 1743 miuus
565 1670 617 1721 sos
632 1677 711 1719 nunc
723 1676 791 1717 cum
806 1655 961 1718 Cerdicnis
973 1667 1006 1717 et
1018 1658 1209 1737 Cessobiepte

112 1752 191 1813 bello
214 1750 462 1813 conflictsrcmirri.
493 1750 568 1811 Herc
591 1766 679 1813 eme
701 1768 763 1813 non
782 1749 902 1829 dogio
927 1748 1064 1811 comeus
1083 1749 1208 1829 epistole

112 1844 310 1923 cognocetis

558 1998 767 2061 EPISTOLA.

155 2143 207 2201 46.
228 2142 263 2201 iu
272 2140 338 2199 hec
352 2140 441 2219 igitur
450 2139 608 2210 intuentes,
622 2138 753 2201 d'd’n'dere
764 2138 888 2208 debetis,
902 2158 998 2218 neque
1012 2157 1065 2219 spe
1079 2112 1154 2201 runs
1167 2140 1211 2202 iu·
1323 2179 1326 2186 -

106 2234 188 2304 ueri,
202 2250 270 2292 euru
283 2232 350 2291 ioco
361 2230 447 2290 eurici
461 2230 570 2289 coiere.
605 2228 683 2289 Nem
692 2230 718 2289 si
732 2230 909 2289 necessitate
921 2240 1042 2291 cunctus
1056 2229 1214 2310 eliquando

117 2344 151 2385 se
162 2323 248 2384 robis
257 2322 383 2383 suricum
399 2338 466 2380 csse
478 2320 608 2391 simulet,
624 2339 660 2380 es
672 2341 703 2380 re
717 2320 842 2399 grstism
854 2318 955 2380 heberi
966 2342 1027 2381 non
1041 2331 1088 2383 est
1099 2338 1214 2402 equum

117 2414 328 2493 umorum,
339 2426 437 2491 nequo
446 2412 471 2470 si
485 2410 821 2491 Charidemusprivstim
831 2412 958 2490 psucuis
971 2414 1097 2474 ducibus
1106 2423 1138 2474 ct
1149 2433 1215 2476 ors·

117 2507 229 2568 toribus
242 2507 346 2566 vestris
360 2503 522 2584 largiendo,
538 2505 610 2566 tuiis
628 2505 757 2576 coniicit,
772 2505 929 2584 propterea
948 2503 1086 2566 laudum
1104 2517 1151 2567 est
1168 2497 1231 2567 or‘·'

118 2599 248 2660 modus:
268 2597 324 2657 sed
343 2593 398 2677 pro
412 2615 449 2659 co
469 2597 580 2676 potius,
600 2596 681 2676 quod
701 2596 935 2674 quotiescunque
953 2605 1086 2675 potentum
1098 2598 1128 2656 ei
1147 2593 1218 2658 dete

118 2690 175 2750 tuit
190 2687 298 2768 egendi
310 2688 449 2767 qrricquid
466 2688 529 2766 ipse
548 2687 651 2757 vellet,
666 2687 762 2746 ubivis
782 2687 867 2746 vobis
886 2705 993 2747 nocere
1014 2698 1140 2765 conatus
1160 2699 1218 2764 cst,
1337 2693 1341 2702 '

24 2796 27 2807 ’
119 2781 212 2842 multo
224 2781 321 2858 rnsgis
334 2779 421 2840 imsci
438 2797 490 2838 ros
505 2777 532 2837 ci
545 2777 641 2839 dccet.
664 2777 742 2836 Cum
760 2779 837 2837 euim
852 2777 901 2836 eiii
914 2795 1026 2852 cmnes,
1045 2781 1149 2859 quibus
1163 2779 1218 2840 eii·
1259 2829 1264 2836 .

119 2871 190 2952 qnid
209 2889 339 2949 unqusru
353 2889 373 2929 a
389 2867 541 2974 republica
561 2877 663 2928 nostru
678 2867 819 2928 tributum
833 2877 889 2939 est,
904 2887 959 2948 pro
979 2869 1057 2932 detis
1069 2871 1219 2933 beneflciis

44 3035 50 3046 ’
122 3065 222 3125 necue,
234 3071 309 3132 ques
322 3050 408 3112 nobis
421 3052 519 3112 iecere
537 3061 673 3124 conetur,
686 3051 726 3112 sd
736 3050 850 3112 ‘exitum
865 3053 1027 3132 perducere
1039 3073 1100 3116 nou
1112 3047 1219 3136 potet,

123 3147 302 3222 Quanquam
316 3153 415 3202 sutem
435 3143 477 3201 its
489 3143 603 3212 merito,
622 3143 723 3221 magni
741 3143 868 3203 muueris
889 3145 1060 3206 iusteressc
1077 3167 1223 3209 concessu

124 3234 270 3296 socierum
282 3231 411 3292 debebst
424 3230 732 3311 impunitus,'quorunr
748 3233 814 3313 jure
824 3250 929 3314 poenes
943 3235 1084 3295 dedisset
1107 3235 1221 3299 Temen

99 3363 102 3372 ·
124 3327 182 3388 hoc
200 3323 364 3386 emtoribus
376 3339 436 3382 non
450 3331 497 3382 cst
509 3323 593 3392 sutis,
607 3324 661 3383 nisi
674 3323 914 3396 hebesturciuis,
926 3325 1003 3386 bene
1018 3328 1151 3403 meritus,
1164 3329 1223 3391 nisi

124 3435 243 3480 coroner
256 3413 627 3496 ctpmrmisdecerrrsntur
638 3425 758 3496 propter
774 3417 957 3497 corruptelas
976 3435 1222 3501 munerumque

125 3511 182 3592 ipsi
195 3508 330 3590 privatim
344 3510 382 3568 ab
402 3524 439 3568 eo
456 3506 616 3586 rccipiunt,
630 3527 697 3568 curu
712 3506 814 3588 reliqui
827 3508 981 3570 ussideutis
1000 3509 1223 3594 circumscripti,

126 3599 358 3682 udruirebrrndi'
332 3601 445 3680 ,rgueri
457 3587 597 3661 reritn'tis.
626 3599 789 3673 Postremo,
803 3619 883 3661 nuuc
895 3621 949 3662 ros
947 3587 1173 3664 induxissent
1165 3616 1223 3666 reto
1245 3605 1251 3616 ’

126 3675 394 3764 mmusmnmiro,
406 3700 441 3751 ut
452 3689 610 3752 satellitum
631 3691 710 3774 apud
723 3711 791 3751 euru
802 3692 869 3753 rice
881 3693 1084 3772 fungeremini,
1095 3695 1150 3756 nisi
1167 3715 1222 3757 nos
1281 3732 1288 3740 ·

127 3783 327 3846 wambae
318 3781 604 3844 mteroessisssmns:
624 3792 656 3843 et
668 3783 833 3862 respublica
842 3794 943 3845 nostra
952 3785 1225 3846 mercenariietmi·

105 3873 110 3888 '
127 3875 212 3938 ruistri
224 3875 302 3956 epod
317 3869 399 3934 ilium
413 3891 519 3934 munus
532 3874 635 3948 obiret,
653 3875 815 3936 custodiret
833 3875 1055 3939 Charidemum.
1080 3876 1226 3937 Preciure

128 3967 392 4046 sciisse-quidni
411 3985 491 4037 sero,
511 3985 566 4046 pro
585 3966 685 4027 divum
704 3977 794 4045 utque
811 3968 962 4028 hominum
983 3967 1161 4027 fidemi—is
1175 3967 1226 4047 qui

129 4059 201 4120 oiim
214 4058 276 4137 ipse
288 4058 484 4119 mercenarius
498 4069 659 4119 uestrorum
672 4059 800 4120 hostium
817 4062 940 4140 stipator
950 4059 1015 4133 init,
1027 4069 1126 4119 restro
1138 4078 1226 4120 ecnu-

128 4149 315 4212 msosnsutro
331 4151 524 4212 custodietur.

170 4243 224 4299 47.
241 4239 311 4300 Juru
332 4241 405 4302 illud
426 4261 473 4301 mc
495 4243 621 4302 iortssse
640 4241 786 4322 quispiam
804 4239 1007 4319 interrogabit,
1024 4257 1078 4299 cur
1096 4259 1163 4321 ego,
1177 4233 1232 4322 qui⁴

131 4333 198 4404 iuno
217 4332 260 4394 itu
281 4341 431 4411 compertu
441 4333 575 4406 hebrum,
589 4343 620 4394 et
630 4333 786 4415 plerusque
801 4331 920 4409 injurius
935 4331 1019 4412 qussi
1037 4349 1091 4414 per
1108 4331 1230 4416 vestigia

132 4423 188 4488 sim
197 4421 373 4498 ssmctstus,
383 4441 431 4486 me
440 4443 501 4486 rren
514 4425 711 4508 sponsorum,
725 4443 786 4485 nou
794 4441 861 4485 cum
873 4424 990 4488 oiritste
1003 4425 1160 4500 doumstis,
1174 4427 1228 4488 ob·
