2934 5000
306 601 459 666 LIBANll
480 597 781 661 ARGUMENTUM
804 589 1027 655 ORATIONlS
1130 583 1141 619 ‘

511 705 566 764 DE
587 700 817 762 CLASSIBUS.

155 867 232 916 Oeno
243 881 343 922 murore,
354 867 476 915 Persnrnrn
491 865 577 925 Reponi
589 859 762 924 expeditionem
776 859 853 908 moliri
863 859 975 908 edverm
993 859 1097 910 Grecos,
1107 855 1206 917 populos

123 943 271 992 Atheniensis
280 943 438 997 tumultuetur,
445 947 469 987 st
478 955 528 987 enm
538 951 664 985 oonrooue
671 939 775 992 (imos,
785 943 834 982 tem
846 935 929 982 bellem
941 933 1017 980 stetim
1028 933 1113 979 interro
1123 946 1206 994 propo·

122 1025 166 1066 nt.
199 1019 366 1066 Duosfflner
376 1023 451 1064 nutem
460 1014 553 1070 sudet,
562 1029 591 1060 ne
601 1013 647 1074 ipsi
656 1011 745 1074 priores
755 1013 882 1071 insumunt,
893 1011 934 1058 sed
942 1025 983 1056 sos
993 1015 1131 1070 exspectem
1138 1007 1207 1068 J'nhet

123 1094 178 1141 dun
190 1095 241 1142 Rex
253 1093 372 1154 noviquid
383 1098 488 1140 conetur.
504 1090 573 1136 Nono
585 1087 744 1148 onim,inqnit,
753 1102 798 1133 non
809 1086 1001 1146 persuedebintno
1009 1084 1097 1131 Gmois
1107 1089 1135 1130 nt
1143 1081 1207 1130 eoois

123 1169 244 1218 nobiscnm
256 1184 317 1216 nrmn
324 1172 428 1229 jungent,
436 1181 488 1213 oum
499 1165 522 1211 in
534 1169 585 1212 tuto
600 1164 673 1210 sdhuo
684 1163 729 1210 sibi
739 1177 791 1210 esse
801 1161 936 1208 viduetur:
953 1167 1002 1207 tum
1012 1175 1069 1208 vero
1078 1159 1207 1222 pabulum

121 1245 199 1304 ipsum
211 1261 251 1293 eos
263 1245 384 1292 nobiseum
394 1246 526 1304 conjunget.
560 1239 642 1285 hlonct
652 1239 732 1300 igitur,
747 1244 772 1283 ut
783 1237 860 1298 quiete
874 1252 900 1283 se
918 1237 1039 1292 mosot,
1049 1243 1074 1282 et
1083 1237 1113 1282 ed
1122 1235 1207 1282 hellu-

123 1327 220 1381 perent3
236 1325 304 1379 etque
319 1319 389 1367 etism
405 1322 639 1374 commoneretque
657 1314 743 1360 dehent
761 1328 814 1360 esse
827 1312 886 1359 ratio
896 1311 1068 1359 instructionis:
1084 1311 1146 1358 unde
1157 1309 1208 1371 arpi

121 1397 247 1457 ημμμῖν
257 1393 331 1442 orntio
341 1401 378 1440 ert
387 1391 499 1453 inscripto
505 1405 513 1450 ;
529 1405 582 1438 nem
593 1389 656 1450 epod
667 1387 759 1437 Atticos
769 1385 888 1450 euprepio,
896 1393 971 1435 otetur
982 1393 1006 1434 et
1015 1386 1073 1434 ordo
1084 1401 1163 1434 eorum
1175 1391 1212 1433 ost

122 1471 163 1532 qni
171 1485 265 1518 munere
273 1469 367 1532 publice
376 1470 469 1516 obeunt.

445 1805 886 1893 DEMOSTHENIS

403 1981 930 2058 DE‘CLASSIBUS

573 2153 768 2219 ORATIO.

169 2303 196 2359 l.
218 2301 283 2368 Qus
305 2301 427 2379 mej0res
455 2309 565 2360 vestros
584 2299 716 2372 laudent,
738 2297 941 2372 Athenienses,
966 2298 1117 2360 instituere
1141 2301 1210 2361 mihi

122 2392 259 2452 videntur
271 2394 429 2453 orationem
442 2392 542 2452 euditu
551 2391 723 2471 jucundum,
737 2411 797 2449 non
810 2409 846 2450 ee
859 2400 955 2450 temen
973 2409 1060 2469 agere
1075 2411 1141 2469 quoe
1154 2392 1210 2451 illis

124 2484 232 2562 prosint
241 2504 315 2564 quos
325 2483 488 2545 celebrent:
509 2503 650 2545 nomcum
664 2483 699 2543 iis
714 2482 751 2543 de
765 2484 853 2543 rebus
865 2481 962 2543 dicere
975 2492 1125 2557 conentur,
1137 2503 1211 2563 ques

124 2576 288 2636 mortalium
299 2598 385 2638 nemo
398 2598 451 2657 pro
469 2578 611 2656 dignitate
623 2574 716 2656 possit
734 2575 889 2655 explicere,
902 2574 958 2653 ipsi
971 2574 1088 2652 quidem
1101 2576 1212 2655 opinio·

123 2684 190 2725 nem
202 2668 377 2753 eloquentie
386 2678 615 2747 consequentum
631 2666 757 2727 efficiunt
765 2688 844 2735 vero,
854 2676 888 2723 ut
896 2668 987 2726 virtus
994 2665 1108 2725 illorum
1119 2668 1211 2727 minor

123 2757 254 2817 ridentur
267 2761 444 2817 auditoribus
456 2778 543 2835 quem
557 2764 704 2831 poterent.
746 2754 810 2831 Ego
822 2774 890 2815 vero
902 2756 1101 2817 laudationem
1112 2776 1211 2820 eorum

124 2850 278 2909 maximnm
296 2857 368 2928 puto
381 2846 477 2926 ipsum
496 2865 562 2905 esse
575 2853 703 2924 ternpus,
721 2844 882 2923 quodcum
900 2868 958 2906 non
971 2850 1106 2927 exiguum
1124 2852 1212 2911 inter·

125 2940 256 3012 cesserit,
264 2941 349 2999 rebus
359 2937 472 2997 illorum
487 2936 578 3016 gestis
590 2936 702 3016 majore
714 2935 787 2995 nulli
800 2936 849 2996 elii
863 2938 1009 3019 suscipere
1022 2942 1212 3022 gerendnpo·

126 3040 253 3090 tuerunt.
294 3030 360 3107 lpse
379 3036 474 3087 eutem
492 3028 631 3087 rationem
652 3028 797 3107 explicere
810 3030 947 3102 conabor,
970 3050 1028 3109 quo
1039 3050 1091 3093 vos
1105 3034 1211 3113 optime

124 3122 283 3181 insuuctos
296 3119 359 3177 lore
373 3136 525 3186 censeam:
548 3119 654 3177 etenim
665 3137 712 3179 res
726 3120 768 3178 its
778 3118 926 3180 schebet:
940 3120 1036 3183 Sinos
1047 3143 1147 3185 omnes
1161 3126 1211 3205 qni

122 3212 433 3273 verbosenturlsumus
443 3211 779 3290 eloquentesvideamur,
788 3213 877 3273 nihilo
887 3234 933 3274 res
946 3225 1051 3275 vestrm
1065 3220 1136 3278 setis
1150 3220 1212 3281 scio

125 3300 213 3367 e'rum
225 3302 377 3370 meliores:
398 3304 450 3362 sed
464 3302 488 3362 si
501 3321 587 3376 unus,
601 3303 731 3382 quisquis
745 3304 793 3363 ille
805 3303 903 3378 luerit,
916 3324 1087 3383 progressus
1107 3308 1211 3373 docere

123 3395 219 3477 possit
227 3406 258 3454 et
265 3394 395 3468 sundere,
404 3412 471 3474 quen
480 3393 642 3465 instructio,
657 3404 814 3474 etqusnts,
824 3396 940 3456 etoudc
949 3410 1124 3478 compunta,
1133 3422 1211 3465 nuuc

123 3486 446 3575 reipuhlioaeprofuture
459 3506 523 3546 esse
533 3486 673 3558 videatur,
683 3488 777 3546 omnis
785 3486 833 3547 hic
843 3493 1100 3554 motusevsnuerit
1122 3497 1210 3561 Quod

122 3602 189 3661 ego,
199 3582 223 3642 si
240 3581 329 3640 modo
341 3588 453 3660 potero,
466 3580 543 3640 dabo
561 3598 679 3659 operum
693 3588 726 3639 ut
745 3579 860 3654 fecicum
874 3600 968 3660 peuce
979 3584 1117 3664 praefntus
1131 3592 1210 3670 opud
1316 3643 1322 3655 ,

123 3692 186 3748 vos,
197 3673 269 3753 qnid
281 3674 319 3733 de
327 3674 406 3751 regio
415 3672 534 3751 negotio
544 3673 676 3733 sentiam.

164 3770 194 3825 2.
208 3766 273 3845 Ego
286 3764 416 3827 existimo
426 3784 611 3825 communem
623 3765 739 3826 hostem
753 3766 881 3827 omnium
895 3766 1064 3831 Grecorum
1075 3793 1140 3834 esse
1150 3774 1209 3834 Re·

124 3880 191 3941 gem
205 3861 359 3922 Persarum
371 3880 379 3928 t
401 3876 460 3919 non
474 3868 570 3919 umen
581 3870 734 3939 propterea
747 3860 897 3933 nemerim,
911 3862 965 3921 soli
978 3865 1105 3925 omnium
1115 3884 1167 3924 vos
1175 3874 1208 3924 ut

122 3954 230 4031 bellum
242 3964 345 4033 contre
357 3972 424 4012 eum
434 3952 609 4031 suscipietis:
624 3952 804 4031 nequeenim
816 3954 896 4034 ipsos
905 3952 1027 4014 Grseoos
1035 3955 1119 4015 video
1128 3974 1206 4015 com·

123 4064 226 4107 munes
240 4046 314 4106 inter
327 4066 359 4106 se
373 4064 437 4105 esse
451 4044 576 4112 amicost
598 4044 652 4104 sed
666 4045 822 4107 nonnullos
835 4046 928 4125 magis
948 4047 990 4106 illi
1004 4045 1101 4116 fidere,
1119 4066 1205 4125 quem

124 4138 297 4215 quibusdem
308 4157 435 4199 snorum.
477 4138 552 4203 Quae
565 4155 630 4197 cum
643 4137 784 4210 itesint,e
798 4158 829 4199 re
842 4148 938 4199 vestre
944 4156 1009 4198 esse
1016 4156 1130 4209 censeo,
1141 4159 1206 4219 pro·

123 4227 230 4301 videre,
242 4240 276 4289 ut
284 4231 398 4309 justum
408 4230 455 4302 sit,
469 4228 548 4308 quod
557 4230 688 4309 capietur
700 4230 770 4291 belli
783 4229 911 4298 initium
932 4238 1021 4307 utque
1035 4244 1207 4309 apparentur

110 4336 191 4394 pute
202 4323 337 4405 convenit
344 4322 449 4393 omnia,
459 4331 489 4381 et
501 4322 559 4380 hoc
571 4330 751 4400 proponetur
761 4322 800 4382 nd
812 4319 1041 4382 deliberandum.
1075 4323 1206 4387 Arbitror

96 4432 101 4447 ,
125 4406 213 4485 enim,
221 4411 425 4488 Athenienses,
439 4411 568 4488 Grecos,
580 4413 605 4473 si
615 4414 779 4475 declaretur
791 4424 823 4475 et
834 4412 1017 4493 perspicuum
1030 4416 1158 4492 detiore
1170 4430 1204 4480 ut
