2934 5000
427 277 645 344 ADVERSUS
667 278 891 344 tumtunm.
1146 287 1201 346 801

112 433 279 496 etiamsi
310 438 398 514 'quis
430 455 449 496 a
477 437 626 498 liberis
654 435 744 515 ejus
775 437 1012 494 incestatur
1044 436 1205 498 maledi·

113 527 209 595 ctis;
230 537 263 586 tu
276 547 345 588 tero
358 528 588 601 nonmaledicia,
602 529 656 588 sed
678 527 828 586 malefacis
848 528 971 587 mortuis
991 527 1066 586 bene
1087 530 1206 600 meritis,

111 617 193 678 illum
206 620 408 697 nescioquem
422 620 649 698 reprehendens,
670 628 702 678 et
718 618 800 676 illum
813 609 965 694 indiguum
979 637 1045 678 esse
1058 619 1206 692 dictitans,

110 708 141 767 id
156 711 234 787 quod
248 711 286 770 ad
300 711 365 771 illos
388 713 476 790 plane
495 712 565 770 nihil
579 711 701 780 attinet;
722 729 760 770 au
774 728 833 769 non
845 708 935 786 igitur
947 730 966 769 a
979 720 1075 772 mente
1090 711 1206 771 Solonis

114 809 144 859 et
157 801 303 860 sententia
316 800 484 878 longissime
494 799 627 860 recedis-l

109 911 111 916 ·
150 893 201 950 23.
221 892 348 957 Quidam
360 901 458 951 autern
472 892 545 950 serio
559 890 629 950 mibi
644 893 794 953 nunciavit
803 915 856 975 pro
868 893 1038 954 defensione
1051 894 1125 974 ejus,
1145 913 1206 956 ne·

111 981 320 1059 quicquam
342 985 523 1061 cuiquam
550 983 678 1052 detur,
706 987 903 1065 quicquid
929 987 1085 1046 tandem
1113 1007 1206 1066 prae·

110 1074 282 1144 stiterit,
306 1095 358 1134 eoa
369 1077 466 1134 dicere
487 1084 604 1153 paratos
620 1093 698 1142 esee;
720 1096 816 1154 aeque
827 1077 1207 1156 Lacedaemoniosquibena

109 1165 318 1242 rempublicam
341 1175 453 1243 gerant,
468 1184 565 1242 neque
578 1165 734 1234 Thebanos
754 1169 892 1244 cuiquam
904 1187 921 1224 e
934 1168 995 1226 suis
1015 1168 1106 1226 ullum
1118 1169 1208 1228 talem

110 1254 251 1312 bonorem
266 1255 439 1313 decerneret
461 1273 529 1312 cum
549 1253 704 1312 verisimile
724 1255 762 1312 sit
779 1256 867 1314 etiam
881 1257 960 1333 apud
972 1257 1037 1314 illos
1048 1259 1206 1334 preclaros

38 1395 41 1409 .
111 1345 225 1425 aliquos
239 1363 302 1404 esse
316 1345 403 1404 uirus.
426 1345 500 1402 Mihi
515 1363 584 1402 vero
598 1342 733 1402 videntur
747 1345 804 1404 ista
822 1348 922 1414 verba,
937 1346 1141 1432 Athenienaea,
1155 1368 1207 1408 ra·

109 1435 168 1494 lere
182 1434 232 1494 illa
246 1436 362 1513 quidem
375 1436 413 1494 ad
427 1455 477 1494 vos
492 1435 652 1494 movendos
666 1442 696 1492 et
713 1453 749 1494 eo
763 1435 953 1494 abducendos
966 1443 1001 1493 ut
1012 1436 1207 1500 immunitates
1232 1444 1238 1453 ’

110 1527 291 1599 tollatis,sed
302 1528 598 1606 ujustitiaplurimuro
608 1525 771 1585 abhorrere.
787 1526 1208 1604 Necenimbocignoro,Tbe·
1246 1555 1250 1564 ·

109 1621 216 1688 banos,
228 1631 259 1680 et
274 1619 519 1690 Lacedaemonios,
534 1627 565 1677 et
575 1637 630 1678 uos
644 1637 739 1695 neque
752 1617 867 1696 legibus
878 1617 992 1691 iisdem,
1003 1639 1058 1678 uec
1068 1618 1207 1682 institutis

107 1711 162 1781 uti,
176 1731 230 1770 nec
249 1698 344 1770 t‘orrna
364 1710 538 1788 reipublicae.
570 1709 647 1768 Nam
662 1708 787 1787 idipsum
803 1710 882 1787 quod
896 1729 974 1768 nunc
987 1709 1035 1768 isti
1048 1710 1165 1782 facient,
1178 1713 1206 1773 si

109 1801 175 1862 baec
186 1803 291 1862 dicturi
299 1810 378 1870 aunt,
392 1801 577 1860 interdictum
587 1811 632 1860 est
642 1800 722 1878 apud
734 1800 981 1873 Lacedaemonios,
994 1798 1044 1879 [ne
1054 1801 1100 1861 vel
1112 1803 1205 1870 Athe·

106 1894 262 1964 niensium,
279 1894 328 1952 rel
343 1891 463 1952 aliorum
482 1891 666 1971 quorundam
688 1892 823 1952 instituta
847 1893 979 1962 recitent,
1002 1902 1053 1951 aut
1072 1893 1206 1971 laudent]

109 1986 226 2043 minime
239 1985 369 2062 profecto
392 1985 421 2041 id
436 1983 605 2042 conceditur
617 2003 635 2046 t,
648 1984 700 2042 sed
721 2004 789 2061 quas
805 2003 905 2044 eorum
924 1985 955 2043 in
978 1983 1207 2048 administranda

108 2071 260 2152 republica
278 2073 382 2130 rationi
401 2074 588 2132 consentiunt
604 2083 634 2130 et
653 2073 834 2144 conducunt,
855 2094 893 2133 ea
911 2093 978 2133 cum
1002 2076 1122 2136 laudere
1141 2087 1204 2136 tum

109 2164 206 2224 facere
219 2181 339 2222 necesse
353 2171 407 2221 est
429 2162 545 2220 Deinde
560 2161 772 2220 Lacedaemonii
783 2163 838 2220 etsi
851 2181 869 2219 a
882 2164 988 2222 talibus
1001 2165 1141 2226 institutis
1153 2170 1204 2228 ab·

109 2254 247 2314 horrent:
269 2254 317 2312 alii
339 2263 437 2312 tamen
450 2251 572 2330 quidam
590 2250 716 2310 bonores
736 2251 816 2329 apud
837 2270 890 2309 eos
904 2261 976 2309 aunt
991 2252 1021 2309 in
1043 2273 1109 2325 usu,
1130 2277 1205 2334 quos

108 2346 157 2406 bic
171 2345 260 2425 recipi
275 2344 407 2423 Populus
425 2343 543 2410 omniuo
556 2340 726 2400 detestetur.
755 2342 814 2409 Qui
827 2352 895 2400 sunt
909 2341 996 2419 igitur
1008 2341 1072 2400 iltit
1097 2345 1204 2425 Singu-

107 2437 154 2496 los
168 2435 305 2515 equidem
319 2455 379 2495 non
394 2434 643 2495 commemorabo:
668 2432 721 2492 sed
741 2451 831 2492 unum
853 2442 968 2491 tautum
986 2434 1143 2512 proferam,
1156 2439 1206 2515 qni

109 2538 222 2589 ceteros
240 2529 270 2587 in
284 2548 316 2587 se
331 2528 470 2589 continet.
498 2524 574 2584 Cum
589 2526 704 2603 aliquis,
725 2534 857 2605 spectata
877 2525 993 2597 virtute,
1011 2524 1042 2583 in
1063 2526 1205 2589 Senatum

110 2621 232 2681 allectus
247 2620 344 2692 fuerit,
358 2620 494 2680 dominus
505 2627 552 2677 est
562 2616 766 2679 multitudinis.
782 2616 859 2677 Nam
867 2616 927 2675 illic
937 2616 1049 2677 virtutis
1059 2619 1208 2696 premium

107 2722 165 2782 est,
190 2731 257 2771 cum
276 2712 438 2789 aequalibus
457 2713 487 2771 in
506 2719 652 2789 potestate
672 2708 819 2770 ciuitatem
841 2709 959 2769 babere.
984 2708 1045 2769 Sed
1058 2711 1138 2787 apud
1151 2731 1205 2772 ros

106 2802 225 2881 quidem
255 2802 423 2881 reipublicae
452 2801 588 2862 dominus
615 2810 662 2861 est
682 2802 823 2881 Populus,
845 2811 936 2880 atque
961 2802 1151 2880 magistratus
1175 2814 1207 2865 et

108 2894 191 2974 leges
204 2895 354 2954 cautiones
370 2904 449 2967 suut,
461 2914 499 2953 ne
512 2896 577 2973 quis
592 2894 665 2954 alius
678 2914 713 2955 ea
723 2894 869 2972 potiatur:
889 2894 1097 2973 prestantibus
1106 2906 1205 2955 autem

107 2985 176 3043 viris
197 2984 317 3063 praernia
339 2994 409 3042 sunt
428 2985 576 3063 proposita
596 3004 714 3044 coronae
738 2996 769 3045 et
788 2986 986 3043 immunitates
1007 2996 1040 3045 et
1057 2986 1151 3047 rictus
1172 2988 1205 3047 in
1276 3003 1282 3011 ’
1384 3034 1391 3044 .

108 3070 234 3135 curiam
245 3074 309 3151 ejus
323 3072 438 3151 generis
456 3074 522 3131 alia.
551 3072 591 3147 Et
603 3084 726 3152 utraque
745 3074 819 3145 bac,
833 3088 898 3134 turn
911 3095 979 3152 quta
992 3076 1041 3145 ibi,
1055 3087 1118 3136 tum
1136 3097 1204 3155 quta

106 3164 156 3223 hic
169 3164 253 3231 fiunt,
268 3162 342 3221 bene
359 3162 521 3222 constituta
533 3172 611 3221 sunt.
642 3163 861 3230 Quamobremt
884 3148 964 3228 duis
983 3165 1158 3240 olignrcbias
1171 3168 1202 3227 id

109 3255 148 3317 ad
162 3254 347 3316 concordiam
363 3252 505 3332 provehit,
518 3272 585 3313 cum
599 3271 701 3312 omues
717 3253 888 3332 reipublicae
905 3253 1014 3311 domini
1026 3255 1130 3315 eodem
1138 3262 1204 3330 jure

106 3357 195 3407 sunt:
210 3345 387 3424 Populorum
398 3354 494 3403 autem
508 3345 670 3404 libertatem
685 3346 857 3405 custodiunt
869 3344 1069 3423 prestantium
1077 3347 1203 3410 virorum

107 3438 276 3509 certamina,
291 3456 356 3516 quae
368 3439 445 3496 iuter
457 3456 488 3495 se
501 3447 619 3515 propter
631 3435 758 3496 bonores
769 3435 821 3514 qui
834 3455 854 3494 a
867 3434 983 3514 Populo
994 3435 1094 3496 baberi
1107 3441 1203 3501 solent

107 3531 315 3609 suscipiuntur.
342 3529 411 3588 Jam
431 3529 512 3607 quod
525 3527 563 3588 ad
578 3526 735 3588 'lbebanos
748 3527 861 3599 attinet,
875 3526 926 3605 qui
944 3527 1088 3597 neminem
1107 3532 1201 3593 bono·

106 3636 179 3695 rent,
195 3622 266 3681 illud
285 3640 350 3680 vere
371 3618 441 3678 mibi
462 3620 592 3680 dicturus
607 3620 716 3680 videor.
761 3618 869 3694 Majori
889 3618 980 3689 laudi,
996 3619 1200 3697 Athenienses,
1239 3685 1244 3691 ,

105 3715 237 3774 'lbebani
252 3712 306 3771 sibi
322 3712 438 3772 ducunt
455 3712 655 3773 crudelitatem
674 3721 706 3771 et
724 3711 949 3792 improbitatem,
967 3732 1054 3791 quam
1072 3734 1125 3775 vos
1147 3715 1201 3775 hu.
1283 3733 1289 3751 ·

105 3806 273 3889 manitatem
286 3812 317 3863 et
325 3802 469 3882 justitiam
484 3804 576 3863 vobis.
603 3802 708 3881 Neque
726 3803 814 3881 igitur
835 3803 885 3874 illi,
904 3802 929 3861 si
949 3803 1021 3881 quid
1039 3806 1201 3882 optandum

107 3907 164 3972 eet,
179 3914 305 3975 unquam
319 3896 458 3957 desinant
470 3895 508 3955 de
522 3915 555 3955 se
565 3897 640 3956 bene
651 3895 767 3997 meritps
777 3914 874 3973 neque
882 3895 1036 3965 honorare,
1044 3914 1139 3972 neque
1147 3897 1200 3957 ad·

106 3988 214 4059 mirari,
231 3998 261 4046 et
273 3999 416 4066 cognatos
432 3988 624 4049 suos-scitis
642 3989 718 4048 euim
742 3988 890 4066 quomodo
910 4006 980 4046 curn
1001 3986 1201 4049 Orchomeniis

105 4078 302 4159 egerint-sic
313 4091 459 4140 tractare:
477 4099 574 4159 neque
589 4100 651 4151 ros,
664 4080 711 4139 bis
725 4080 872 4141 contraria
882 4077 980 4137 studio
994 4077 1110 4147 babere,
1123 4090 1157 4137 ut
1171 4092 1202 4140 et
1292 4138 1300 4149 ,

106 4170 292 4231 benemeritis
306 4169 432 4231 bonores
452 4171 626 4245 decernatis,
640 4180 671 4231 et
683 4176 734 4247 jus
747 4181 877 4232 restrum
895 4188 914 4227 a
931 4167 1043 4253 civibus
1062 4166 1142 4229 lacta
1156 4170 1202 4231 di-

106 4262 191 4325 ceudi
205 4270 350 4340 potestate
365 4262 527 4322 secuudum
541 4262 640 4341 legum
662 4262 782 4322 decreta
794 4256 1025 4336 consequamini.
1065 4258 1201 4340 Denique

106 4367 168 4414 tum
182 4352 300 4413 demum
312 4352 394 4429 leges
405 4362 435 4413 et
445 4352 579 4413 instituta
592 4352 712 4413 aliorum
726 4351 876 4413 laudanda
889 4365 1007 4421 censeo,
1021 4360 1051 4408 et
1064 4354 1201 4413 restratia
