2934 5000
247 311 307 394 rso
489 303 545 382 us
565 307 686 384 iustu
704 307 835 376 Gutus
852 305 1104 372 tuernout.

243 468 347 550 cepitis
360 475 434 528 sunt
445 467 586 542 damnati,
597 471 646 528 nne
659 471 721 548 J‘am
734 470 870 532 occidite.
892 469 969 528 Rem
975 471 1081 528 tutam
1093 466 1138 527 ita
1149 426 1355 525 considente.
1376 532 1382 546 ¹

245 565 335 624 Cum
361 571 500 623 contra
526 562 675 623 literas
703 563 800 643 inquit
825 554 1060 643 legationem
1087 557 1264 621 obierint
1291 556 1353 615 illi

243 670 283 721 et
304 658 520 721 decretum:
545 659 703 737 atquehoc
717 657 967 738 primumcrirnen
984 656 1041 720 esti
1068 653 1123 719 'An
1135 677 1207 717 vero
1223 655 1271 718 isti
1282 673 1350 714 non

243 761 348 814 contre
360 750 478 811 literas?
499 749 528 808 N
530 769 605 810 onue
619 750 767 814 decretum
779 753 869 833 jubet
882 771 986 832 pacem
1003 751 1045 811 sd
1056 749 1253 810 Athenienses
1262 755 1295 806 et
1306 745 1351 805 sd

246 839 468 912 Atheniensium
487 841 583 902 socios
605 843 766 920 pertinere3
787 843 836 903 is'ti
853 853 953 905 sutem
971 841 1139 907 Phocenses
1160 840 1273 900 fredere
1294 857 1351 898 ex·

244 932 415 996 cluserunt?
435 933 542 992 Nonne
557 933 707 994 decretum
715 934 908 1015 jurejurando
915 934 996 1014 adigi
1006 927 1127 1009 prbium'
1137 932 1348 1011 meginratus:

184 1021 188 1064 ²
244 1027 414 1096 istisutem,
428 1043 504 1103 quos
515 1015 666 1103 Philippus
680 1025 720 1085 cd
733 1026 812 1105 ipsos
826 1027 954 1097 miseret,
963 1023 1155 1108 jurejurando
1165 1017 1350 1100 adegerunt?

235 1119 353 1198 ‚Nonne
372 1117 526 1178 decretum
537 1127 679 1196 nusquam
694 1117 774 1178 solos
785 1121 856 1178 curn
872 1115 1010 1198 Philippo
1025 1117 1174 1195 colloqui;
1186 1114 1234 1174 isti
1248 1108 1347 1173 eutem

245 1209 383 1290 privatim*
397 1227 465 1270 cum
486 1227 523 1268 co
542 1227 630 1286 agere
648 1211 798 1286 uunquam
817 1207 1012 1269 destiterunt?
1032 1205 1195 1276 Quidam
1218 1223 1350 1264 eorum

244 1302 283 1362 in
310 1310 453 1362 renutu
479 1300 931 1376 fslsoe.renunciationis
954 1311 1052 1371 sunt
1080 1297 1282 1366 convicti,
1306 1292 1348 1355 At

245 1394 294 1455 isti
312 1393 391 1473 apud
405 1392 563 1471 populum:
584 1401 615 1452 et
625 1413 643 1452 a
655 1411 715 1471 quo
724 1391 809 1451 l-id
822 1391 1026 1464 enimdillustre
1039 1401 1145 1451 est-a
1162 1393 1250 1450 rebus
1263 1386 1347 1466 ipsis.

246 1485 324 1546 Nam
337 1501 438 1568 eorum
460 1484 671 1544 renunciatioui
689 1493 850 1544 evenerunt
862 1485 961 1544 omnia
979 1501 1051 1544 sane
1073 1483 1227 1542 contraris.
1266 1481 1347 1539 Nec

244 1595 340 1638 vera
358 1577 454 1656 inquit
478 1577 749 1652 scripserunt.
784 1573 825 1634 At
837 1575 893 1634 n'ec
905 1575 966 1636 isti.
1004 1575 1053 1634 Et
1074 1575 1113 1632 in
1135 1573 1281 1633 socios
1300 1563 1347 1630 in-'

246 1670 310 1748 quit
328 1667 488 1728 mentiti
515 1678 610 1727 sunt
631 1677 669 1726 et
698 1686 864 1726 munera
885 1677 1165 1746 acceptarunt.
1197 1665 1252 1724 lsti
1276 1683 1346 1723 vero

245 1779 305 1820 non
324 1761 355 1820 in
369 1779 422 1842 eos
436 1758 549 1818 mentiti
567 1768 646 1828 sunt,
671 1757 725 1816 sed
748 1757 882 1818 funditus
904 1758 957 1817 'eos
978 1757 1175 1837 perdiderunt
1206 1756 1243 1814 ld
1264 1755 1345 1834 qnod

245 1854 339 1918 multo
352 1860 400 1912 est
412 1849 573 1930 mendaciis
584 1849 726 1909 acerbius.
751 1850 821 1910 Jarn
834 1851 873 1909 de
883 1849 1096 1928 largitionibus,
1109 1850 1134 1909 si
1149 1869 1182 1910 se
1195 1850 1346 1928 accepisse

245 1964 366 2006 munera
376 1951 527 2020 negarent,
541 1951 674 2014 restaret,
683 1952 719 2002 nt
730 1942 983 2012 convincerentur,
998 1948 1064 2002 cum
1079 1953 1177 2019 autem
1188 1941 1262 2002 fessi
1276 1943 1341 2012 sint,

245 2038 275 2096 iu
290 2035 451 2098 cruciatum
463 2035 600 2113 abreptos
612 2035 775 2112 oportebat.
1052 2019 1056 2025 ¹

287 2130 337 2187 79.
356 2125 437 2193 Quid
458 2126 555 2204 igitur,
582 2124 787 2197 Athenienses,
807 2144 875 2186 cum
894 2125 959 2185 hrcc
976 2127 1019 2186 ita
1041 2128 1110 2198 sint,
1129 2144 1198 2185 cum
1217 2110 1269 2184 ‘vos
1288 2123 1346 2186 illis

245 2220 313 2281 uiris
336 2217 483 2298 prognati,
503 2217 609 2296 partim
630 2219 719 2278 etiam
742 2237 780 2278 ex
801 2216 917 2294 illorum
938 2217 1059 2278 numero
1079 2217 1140 2277 sitis
1164 2217 1347 2296 supersdtes,

246 2313 434 2380 committetis
448 2321 481 2371 ut
494 2311 531 2370 de
551 2311 699 2390 republica
718 2313 926 2384 benemeritus,
944 2323 975 2371 et
994 2311 1095 2392 populi
1114 2307 1150 2370 es
1165 2309 1278 2370 Pireeeo
1298 2319 1354 2368 re-'

245 2407 349 2466 ductor
363 2394 526 2484 Epicrates,
540 2405 611 2463 urbe
633 2404 737 2484 pulsus
754 2423 856 2483 peenas
878 2403 1002 2471 dederit,
1020 2400 1088 2463 cum
1107 2415 1215 2475 rursus,
1229 2398 1343 2460 dudum

227 2506 229 2513 ’
246 2497 449 2579 Thrasybulus
462 2495 523 2569 ille,
544 2493 717 2576 Thrasybuli
728 2494 854 2555 hominis
866 2495 1017 2575 popularis
1036 2496 1126 2569 iilius,
1140 2487 1202 2577 ejus
1219 2494 1269 2575 qui
1283 2484 1344 2575 ¹po-

244 2592 346 2673 pulum
359 2610 376 2649 e
390 2588 483 2668 Phyle
496 2586 621 2660 reduxit,
641 2587 760 2647 talentis
773 2588 875 2647 decem
895 2587 935 2646 sit
953 2588 1124 2660 mulctatus,
1143 2608 1210 2648 cum
1226 2587 1345 2665 quidam

244 2703 282 2744 ex
297 2680 449 2743 Hsrmodii
464 2689 496 2739 et
508 2677 715 2757 Aristogitonis
735 2678 869 2758 posteris,
884 2690 1029 2739 eteorum
1047 2680 1098 2758 qui
1111 2680 1237 2740 maxima
1249 2678 1279 2736 in
1291 2696 1345 2738 vos

237 2771 596 2843 beneficiacontulerunt,
610 2790 685 2849 quos
698 2770 765 2849 lege
775 2774 814 2831 oh
827 2772 1050 2833 beneficentiam
1067 2790 1199 2851 ergsros
1209 2771 1239 2831 in
1254 2770 1347 2829 omni·

243 2869 300 2927 bns
313 2865 398 2935 fanis,
407 2863 437 2921 in
448 2862 605 2932 sacrificiis,
622 2862 792 2923 libationum
804 2874 836 2923 et
848 2864 1022 2942 poculorum
1033 2866 1190 2945 participes
1198 2864 1345 2937 effecistis,

245 2977 317 3038 quos
331 2954 485 3015 celebratis
499 2962 529 3012 et
542 2953 637 3013 colitis
651 2955 715 3032 peri
725 2973 795 3014 cunr
807 2954 945 3015 heroibus
960 2957 1081 3030 honore,
1090 2970 1121 3018 ct
1129 2957 1195 3029 diis,
1207 2976 1275 3017 eum
1290 2957 1344 3037 igi·

244 3062 291 3111 tur
303 3048 333 3108 bi
347 3046 466 3128 quidem
475 3064 576 3121 omnes
585 3062 688 3126 poenss
696 3046 812 3126 legibus
821 3047 965 3120 dederint,
971 3069 1040 3109 curn
1048 3051 1242 3129 neqnevenia,
1251 3056 1346 3128 neque

244 3138 452 3214 misericordia,
470 3158 565 3217 neque
579 3139 726 3218 plorantes
739 3140 832 3219 pueri,
848 3141 967 3202 nomina
983 3160 1083 3202 eorum
1096 3144 1145 3221 qui
1158 3144 1235 3205 hene
1247 3143 1286 3202 de
1298 3162 1346 3202 re·

243 3234 361 3316 publica
373 3242 444 3293 sunt
451 3232 555 3305 meriti,
563 3232 734 3305 relerentes,
744 3252 839 3312 neque
850 3234 1007 3313 quicquam
1022 3235 1099 3295 eliud
1114 3236 1156 3295 eis
1165 3234 1347 3314 proluerit-
1460 3259 1461 3282 κ

242 3326 386 3387 Atrometr'
399 3324 555 3385 literatorie
569 3334 599 3385 et
618 3324 822 3396 Glaucothere,
834 3335 928 3386 coetus
936 3324 1139 3385 bacchantium
1150 3326 1300 3387 ductantis
1310 3324 1346 3384 fi·
1460 3333 1461 3386 3

245 3418 327 3489 lium,
341 3421 380 3477 oh
392 3418 473 3496 quod
486 3416 596 3476 lactum
611 3416 669 3477 elia
680 3417 843 3477 sacrificulo
856 3416 953 3479 occiss
966 3428 1023 3488 est,
1034 3437 1102 3477 eum
1117 3438 1168 3479 vos
1178 3420 1268 3493 nacti,
1278 3438 1345 3498 pro·

244 3520 366 3589 gnatum
380 3510 499 3580 talibus,
511 3508 595 3570 nulla
603 3529 639 3567 ex
647 3520 730 3587 parte
740 3509 907 3589 reipublice
917 3510 1028 3584 utilem,
1036 3530 1097 3571 non
1106 3512 1211 3590 ipsum,
1221 3532 1282 3573 non
1291 3531 1345 3592 pa·

242 3612 325 3671 uem,
336 3617 395 3657 non
410 3599 499 3657 alium
509 3598 602 3657 ullum
611 3601 674 3679 ejus
684 3593 891 3672 necessarium,
903 3598 1075 3661 dimittetis?
1089 3602 1163 3670 Quis
1173 3603 1250 3663 enim
1264 3608 1347 3686 equi·

241 3700 331 3763 taius,
350 3695 416 3770 quse
434 3690 552 3760 elassis,
572 3697 640 3769 quas
658 3692 820 3772 expeditio,
833 3713 900 3772 quse
917 3694 1056 3765 redilites',
1077 3696 1129 3774 qni
1146 3692 1251 3770 coelus,
1265 3692 1347 3779 quod

241 3782 443 3864 munus,quod
451 3782 601 3854 tributum,
609 3773 1232 3869 quoebensvulentis,quodpericrilum,qnid
1240 3792 1347 3853 borum

241 3883 371 3944 omnium
383 3878 421 3939 ab
431 3877 514 3951 ,omni
527 3878 667 3937 memoria
678 3882 841 3957 praestitum
855 3891 902 3941 est
914 3878 952 3941 ab
965 3876 1030 3941 istis
1044 3883 1235 3963 reipublice?
1255 3885 1348 3966 Atqui

165 4012 170 4025 ·
243 3980 269 4042 si
278 3978 330 4043 illa
338 3970 544 4058 praestitissent
552 3970 660 4044 omnis,
668 3968 919 4053 nequetarneneis
927 3986 1007 4037 recte
1017 3979 1349 4060 etgretuitolegntionis

242 4072 330 4137 obitoe
345 4069 411 4130 lens
424 4068 588 4139 accederet,
608 4064 731 4125 interfici
750 4084 818 4125 eum
832 4068 932 4147 utique
946 4059 1083 4135 deceret:
1110 4072 1191 4150 quod
1212 4072 1347 4152 sineque

240 4166 316 4238 brec,
324 4182 421 4250 neque
434 4160 493 4232 ills,
508 4180 568 4220 non
580 4158 728 4239 punietis?
750 4158 820 4219 Non
830 4161 1053 4222 reminiscemini
1061 4163 1132 4242 quid
1140 4166 1170 4223 in
1181 4165 1349 4226 accusando

107 4304 109 4307 .
201 4326 206 4331 .
239 4256 398 4331 Timarcho,
407 4254 532 4316 dixerit?
552 4252 675 4321 Nullum
688 4272 757 4313 esse
769 4272 857 4313 usum
868 4246 1009 4329 ‘civitatis
1027 4276 1093 4335 qum
1113 4277 1221 4318 nervos
1241 4266 1347 4317 contra

241 4346 421 4407 facinorosos
435 4367 495 4407 non
515 4347 642 4407 hebeat:
667 4364 764 4423 neque
777 4346 957 4427 reipublicse,
970 4349 1000 4406 in
1019 4368 1079 4435 qus
1092 4350 1179 4410 venia
1196 4360 1228 4409 et
1241 4349 1345 4429 depre-

240 4440 317 4501 catio
330 4438 398 4517 plus
411 4440 528 4499 valeant
542 4438 669 4517 legibus.
691 4437 797 4517 Neque
812 4458 863 4499 sos
878 4439 1076 4502 misericordia
1089 4442 1197 4502 moveri
1211 4454 1347 4520 oportere
