2934 5000
151 369 153 378 v
220 325 223 332 '
260 343 331 434 aro¹
575 319 795 392 aurursus
815 311 1074 410 carrinam

230 487 244 551 ²]
257 481 395 559 lactibus¹
410 493 542 552 laborare
556 486 681 545 ¹sirletus
704 482 808 540 auctor
829 473 924 532 illius:
943 466 1034 534 iobis,
1050 480 1119 522 reso
1142 477 1203 519 non
1220 456 1373 517 canem

259 590 331 652 talia
349 584 464 655 imitari,
484 597 581 660 neque
593 577 815 652 plantaveras
827 555 1149 644 quicquamindignum
1165 549 1368 622 commistqe

261 677 342 752 Quid
355 677 432 738 enirn
445 677 566 734 obsecro
580 678 634 738 est,
652 664 730 745 quod
747 658 879 720 ‘maxime
898 655 1088 732 deprecemur
1109 647 1224 712 ornnes,
1237 651 1268 720 et
1286 638 1369 717 qnid

262 771 396 834 omnibus
414 766 528 844 legibus
554 751 772 822 accuratissime
796 759 914 810 cautum
941 740 1008 805 esti
1049 737 1097 797 Ne
1123 731 1369 795 mutuaesades

262 860 455 942 fiantrlcujus
469 857 510 917 rei
524 863 622 916 custos
636 849 759 910 eximius
779 850 899 903 senatus
917 829 1142 911 Areopagiticus
1156 836 1204 886 est
1215 823 1369 892 constitn-

262 967 321 1017 tus.
362 955 399 1012 ln
415 950 528 1030 legibus
552 945 640 1024 igitur
664 941 762 1000 Draco
781 953 848 1014 quae
868 931 906 988 de
925 921 1087 985 homicidiis
1108 920 1178 979 latas
1199 925 1277 986 sunt,
1293 934 1368 977 cnm

263 1047 422 1108 maximum
437 1052 575 1101 terrorem
589 1036 720 1094 incutere
734 1026 869 1087 omnibns
883 1020 982 1088 vellet,
996 1036 1033 1074 ne
1046 1014 1113 1093 quis
1122 1007 1367 1090 jugularetnlte·

238 1139 242 1146 “
263 1158 337 1212 rum,
352 1134 479 1214 scripsit,
491 1125 667 1189 homicidam
677 1118 850 1194 ,arcendum'
858 1131 923 1172 esse
937 1131 956 1170 a
967 1091 1199 1187 purgationibus,
1212 1098 1365 1160 libationi-

263 1232 329 1300 bus,
344 1225 515 1295 crateribus,
529 1218 616 1290 lanis,
630 1215 705 1284 soro,
726 1219 757 1271 et
775 1218 873 1268 cetera
885 1195 1123 1285 commemoravit
1135 1193 1242 1261 omnia,
1253 1191 1365 1270 quibas

265 1342 296 1382 se
308 1320 441 1379 homines
454 1311 578 1376 maxime
588 1321 787 1386 repressurum
797 1299 933 1379 opinatus
944 1305 989 1352 est
1002 1311 1039 1350 ne
1053 1287 1125 1366 quid
1137 1285 1198 1344 tale
1208 1283 1365 1353 auderent,

265 1432 322 1474 nec
335 1403 433 1470 tamen
443 1405 517 1487 juris
532 1401 662 1462 ordinem
678 1393 807 1462 sustulit,
823 1389 878 1450 sed
898 1384 1038 1453 definivit,
1051 1387 1247 1460 propterque
1262 1375 1366 1434 liceret

265 1503 377 1565 caedem
400 1501 514 1559 lnccrs:
536 1502 566 1553 et
587 1492 611 1551 si
635 1489 699 1568 quis
720 1506 757 1545 eo
776 1483 869 1543 modo
885 1478 998 1538 cadem
1021 1473 1150 1539 lecisset,
1172 1486 1277 1546 purum
1301 1467 1366 1525 fore

265 1590 475 1677 pronunciavit
518 1582 660 1644 Occidere
684 1578 770 1657 igitur
778 1579 854 1649 jure,
869 1568 972 1629 vestris
985 1563 1103 1643 quidem
1115 1559 1230 1637 legibus
1243 1555 1364 1615 licebit:

140 1695 145 1712 ⁸
266 1689 388 1768 gratiam
402 1689 542 1760 repetere,
557 1690 653 1750 neque
672 1674 747 1744 jure,
769 1683 825 1723 nec
846 1661 909 1720 ullo
928 1657 1020 1717 'modo
1032 1653 1142 1721 licebit,
1155 1669 1208 1727 per
1215 1648 1305 1706 istius
1316 1646 1363 1718 ⁴le·

267 1777 357 1859 geml
399 1771 521 1832 Minime
534 1785 612 1836 vero,
627 1760 835 1824 Athenienses,
858 1753 977 1811 minime
999 1749 1037 1806 de
1056 1745 1139 1804 vohis
1156 1759 1227 1800 eam
1250 1738 1363 1818 opinio-

268 1891 335 1932 nem
349 1864 470 1927 suboriri
484 1857 644 1940 patiamini‚
658 1863 692 1911 ut
711 1851 771 1909 hoc
792 1846 896 1925 majori
909 1841 1008 1903 studio
1022 1839 1104 1897 vobis
1116 1836 1205 1894 luisse
1218 1831 1362 1900 videamr,

267 1951 305 2022 ne
322 1959 370 2019 cui
394 1953 488 2034 gratia
508 1949 659 2016 referatur,
674 1959 762 2022 quem
783 1958 821 1997 ne
844 1954 904 2014 qua
919 1932 1023 1997 caedes
1045 1929 1075 1986 in
1097 1928 1169 1985 urbe
1184 1922 1362 2002 vcstmtiat.

249 2045 331 2114 'Sed
352 2043 498 2107 recordati
521 2057 621 2099 eorum
644 2047 817 2111 temporum,
833 2021 1049 2106 quibusaffecti
1069 2015 1217 2078 benefimis
1238 2013 1362 2092 gmtiam

269 2141 417 2218 retulistis,
431 2131 609 2195 immunitate
623 2127 701 2210 data,
716 2134 747 2184 et
757 2116 956 2198 Demophonti
974 2124 1091 2180 statura,
1104 2109 1143 2168 de
1149 2125 1215 2186 qua
1223 2105 1364 2164 Phormio

250 2299 251 2304 ,
269 2235 354 2310 dixit,
377 2232 405 2290 iu
429 2245 489 2306 qua
502 2223 661 2301 scriptum.
673 2228 703 2277 et
714 2210 921 2295 jurejurando
936 2208 1139 2270 confirmatum
1155 2210 1223 2261 est:
1250 2200 1284 2258 si
1299 2199 1364 2272 cui

269 2323 361 2406 quid
389 2339 460 2400 pro
490 2317 679 2380 libertate
714 2305 852 2386 Populi
879 2290 1365 2382 propugnantitacciderit,

256 2418 399 2480 eadam
419 2431 486 2472 vos
516 2407 576 2468 illi
605 2401 760 2484 premia
788 2399 963 2463 daturos,
983 2410 1069 2472 quse
1089 2384 1304 2457 Harmodio
1325 2393 1366 2456 et

258 2502 568 2583 'Aristogitonis
590 2496 784 2557 condemnate
805 2490 902 2567 legem
915 2487 1020 2545 istaml
1061 2479 1152 2548 Quod
1172 2476 1228 2536 nisi
1249 2475 1365 2536 sacham

194 2596 200 2611 ⁸
268 2604 364 2685 luerit,
374 2592 564 2680 ,jurisjurandi
576 2588 664 2649 vacui
678 2586 847 2663 religionem
859 2577 1015 2639 violabitis.
1043 2624 1049 2632 .
1187 2637 1193 2645 ⁸
1333 2604 1337 2612 ,

312 2698 360 2755 35.
382 2678 493 2750 Praeter
505 2679 700 2751 haecomnia,
714 2676 802 2736 etiam
815 2672 889 2738 illud
903 2669 1011 2728 audite.
1053 2664 1131 2725 Fieri
1151 2662 1251 2740 nequit
1271 2671 1308 2719 nt
1330 2678 1366 2720 es

270 2788 318 2847 lex
329 2779 480 2845 commode
494 2778 553 2853 lata
567 2774 613 2841 sit,
623 2788 695 2859 *quae
710 2769 747 2827 de
760 2763 913 2845 praeteritis
935 2772 967 2821 et
986 2758 1091 2819 suturis
1108 2776 1168 2817 non
1188 2752 1292 2814 eadem
1307 2763 1368 2827 ste·

271 2878 345 2937 tuit:
367 2891 412 2931 ne
433 2868 531 2948 quis,
545 2864 648 2941 inquit,
671 2858 847 2919 immunis
867 2864 961 2922 esto,
983 2850 1154 2927 exceptis
1175 2844 1367 2905 Harmodii

272 2977 310 3027 et
344 2954 616 3035 Aristogitonis
640 2950 834 3030 posteris:
869 2948 965 3005 bene!
987 2960 1052 3001 aec
1078 2938 1254 3015 deinceps
1279 2936 1366 2995 dare

270 3051 399 3119 liceat.r
437 3050 484 3109 Ne
498 3057 560 3107 tum
574 3044 702 3123 quidem,
717 3040 848 3120 Leptine,
863 3037 889 3097 si
909 3036 986 3096 tales
999 3032 1088 3111 ahqui
1101 3027 1287 3090 exstiterint?
1328 3027 1368 3085 At
1454 3015 1455 3032 ¹

271 3151 321 3231 qui
335 3153 472 3209 anteacta
484 3137 696 3220 reprehendere
707 3155 766 3194 non
779 3150 924 3199 esausus,
934 3126 1028 3207 quid?
1042 3144 1113 3184 anm
1125 3134 1158 3182 tu
1172 3121 1260 3181 etiam
1269 3121 1370 3193 fututa

256 3240 380 3331 fnorasl
422 3236 512 3300 Dices
539 3230 655 3309 quidem
682 3226 785 3312 procul
807 3243 863 3283 nos
890 3224 993 3282 abesse
1020 3238 1040 3276 a
1061 3216 1114 3275 tali
1138 3214 1367 3293 exspectatione.
1454 3197 1455 3244 l

272 3338 389 3396 Utinam
403 3331 520 3411 quidam
541 3327 582 3384 ita
595 3325 645 3393 sit,
661 3318 875 3382 Athenienses!
904 3313 964 3373 Sed
977 3330 1045 3371 cum
1058 3308 1190 3369 homines
1209 3308 1318 3375 almuse
1330 3326 1368 3365 eu

254 3439 332 3516 ¹turn
347 3424 482 3493 dicende,
494 3431 558 3488 tum
573 3415 686 3494 legibus
700 3409 862 3473 sancienda
874 3416 954 3476 sunt,
966 3422 1033 3482 quas
1041 3420 1131 3461 nemo
1141 3401 1207 3479 jure
1220 3398 1351 3477 culparis
1359 3417 1367 3455 :

190 3560 197 3577 ,
271 3527 302 3577 et
312 3514 519 3599 bonaquidern
533 3504 742 3587 exspectanda,
755 3513 787 3563 et
795 3500 870 3563 cotis
882 3497 965 3557 adiis
975 3492 1185 3566 immortalibus
1198 3490 1370 3570 exoptanda

259 3606 350 3673 sunt,
365 3604 418 3665 sed
432 3602 502 3667 nihil
515 3599 633 3663 humani
647 3608 746 3658 tamen
759 3593 884 3653 alienum
898 3609 918 3648 a
929 3588 1014 3647 nohis
1025 3584 1192 3645 existimare
1204 3582 1367 3642 debemus.

272 3696 422 3765 Necenim
434 3690 650 3753 Lacedaemonii
664 3706 791 3766 unquam
806 3692 959 3764 sperarunt
967 3682 1013 3739 ita
1021 3696 1123 3738 secum
1132 3687 1230 3737 actum
1239 3672 1275 3734 iri
1285 3695 1294 3735 :
1304 3695 1369 3747 ue-

269 3812 326 3872 que
335 3792 410 3863 lorte
423 3781 609 3865 Syracusani,
623 3781 672 3858 qui
685 3776 819 3858 poprdari
832 3785 901 3835 sunt
913 3773 983 3832 ohm
996 3772 1042 3831 usi
1055 3768 1214 3849 republ..et
1224 3767 1368 3830 abuma

270 3876 550 3960 Carthaginensibus
562 3882 732 3949 exegerunt,
744 3882 775 3930 et
793 3868 923 3928 finitimis
941 3865 1076 3924 omnibus
1089 3862 1280 3940 imperarunt,
1288 3866 1291 3869 ’
1299 3878 1367 3919 cunr

252 3996 323 4042 ,nos
337 3972 433 4035 navali
446 3966 546 4049 proelio
560 3973 759 4042 superassent,
768 3980 806 4019 ne
818 3962 855 4027 ab
873 3955 1052 4024 unoscrsha,
1068 3954 1143 4033 [qui
1157 3963 1189 4011 ut
1203 3952 1303 4026 duna?
1310 3952 1366 4009 mi·

269 4070 357 4129 nister
366 4060 483 4135 fuerat]
493 4055 647 4141 tyrannide
656 4055 895 4134 opprimerentur.
912 4050 1016 4128 Neque
1027 4046 1197 4125 Dionysius,
1203 4046 1259 4124 qui
1267 4042 1367 4105 adbuc

268 4169 415 4240 superstes
436 4165 492 4229 est,
507 4170 635 4232 unquam
650 4147 792 4233 ¹tristioris
813 4146 949 4224 opinatus
962 4151 1009 4201 est
1030 4141 1102 4211 lore,
1114 4146 1150 4198 ut
1162 4158 1182 4197 a
1196 4136 1305 4209 Dione,
1317 4155 1367 4195 ro·

16 4288 27 4315 ¹.
219 4280 220 4285 ι
267 4249 360 4310 'tunda
373 4269 448 4309 nave
460 4258 499 4324 ,et
519 4244 622 4325 paucis
646 4260 713 4301 cum
737 4239 876 4299 militibus
889 4236 1031 4295 adversus
1045 4252 1078 4293 se
1091 4230 1235 4310 proiecto,
1244 4228 1368 4306 imperio

268 4340 450 4421 spoliaretur,
460 4340 510 4415 q'ui
524 4336 653 4395 triremes
669 4332 776 4391 mirltas
786 4341 818 4389 et
826 4330 932 4389 milites
945 4337 977 4388 et
986 4327 1073 4386 urbes
1085 4321 1262 4404 possideret.
1279 4319 1366 4393 .S.ed,

267 4450 332 4493 mea
345 4428 499 4510 macentia,
515 4427 583 4504 qnid
598 4426 728 4487 futurum
742 4418 1116 4505 sitlomnibusbominibns
1130 4417 1295 4483 omma„
1302 4421 1366 4472 est:
