<?xml version="1.0" encoding="UTF-8"?>
<!DOCTYPE html PUBLIC "-//W3C//DTD XHTML 1.0 Transitional//EN"
    "http://www.w3.org/TR/xhtml1/DTD/xhtml1-transitional.dtd">
<html xmlns="http://www.w3.org/1999/xhtml" xml:lang="en" lang="en">
 <head>
  <title>
</title>
<meta http-equiv="Content-Type" content="text/html;charset=utf-8" />
  <meta name='ocr-system' content='tesseract 3.04.00' />
  <meta name='ocr-capabilities' content='ocr_page ocr_carea ocr_par ocr_line ocrx_word'/>
</head>
<body>
  <div class='ocr_page' id='page_1' title='image "./demosthenisetsc09ulpigoog/demosthenisetsc09ulpigoog_0475.png"; bbox 0 0 2934 5000; ppageno 0'>
   <div class='ocr_carea' id='block_1_1' title="bbox 435 230 1228 335">
    <p class='ocr_par' dir='ltr' id='par_1_1' title="bbox 435 230 1228 335">
     <span class='ocr_line' id='line_1_1' title="bbox 435 230 1228 335; baseline 0.003 -4"><span class='ocrx_word' id='word_1_1' title='bbox 435 251 606 331; x_wconf 76' lang='lat' dir='ltr'>courel</span> <span class='ocrx_word' id='word_1_2' title='bbox 626 230 922 335; x_wconf 80' lang='lat' dir='ltr'>rruocurrerr.</span> <span class='ocrx_word' id='word_1_3' title='bbox 1136 273 1139 280; x_wconf 80' lang='grc'>’</span> <span class='ocrx_word' id='word_1_4' title='bbox 1166 274 1228 334; x_wconf 71' lang='lat' dir='ltr'>aas</span> 
     </span>
    </p>
   </div>
   <div class='ocr_carea' id='block_1_2' title="bbox 32 419 1229 1603">
    <p class='ocr_par' dir='ltr' id='par_1_2' title="bbox 32 419 1229 1603">
     <span class='ocr_line' id='line_1_2' title="bbox 131 419 1228 506; baseline 0.005 -25"><span class='ocrx_word' id='word_1_5' title='bbox 131 421 239 493; x_wconf 70' lang='lat' dir='ltr'>affemt,</span> <span class='ocrx_word' id='word_1_6' title='bbox 247 436 351 483; x_wconf 78' lang='lat' dir='ltr'>&#39;nonne</span> <span class='ocrx_word' id='word_1_7' title='bbox 364 419 448 485; x_wconf 73' lang='lat' dir='ltr'>tanto</span> <span class='ocrx_word' id='word_1_8' title='bbox 460 423 555 506; x_wconf 80' lang='lat' dir='ltr'>magis</span> <span class='ocrx_word' id='word_1_9' title='bbox 568 445 635 486; x_wconf 84' lang='lat' dir='ltr'>auur</span> <span class='ocrx_word' id='word_1_10' title='bbox 648 427 751 487; x_wconf 79' lang='lat' dir='ltr'>vinciri</span> <span class='ocrx_word' id='word_1_11' title='bbox 761 427 899 505; x_wconf 88' lang='lat' dir='ltr'>oportuit,</span> <span class='ocrx_word' id='word_1_12' title='bbox 908 425 979 488; x_wconf 84' lang='lat' dir='ltr'>boni</span> <span class='ocrx_word' id='word_1_13' title='bbox 987 425 1087 506; x_wconf 49' lang='lat' dir='ltr'>¹&#39;patris‘</span> <span class='ocrx_word' id='word_1_14' title='bbox 1097 425 1228 488; x_wconf 79' lang='lat' dir='ltr'>sobolem</span> 
     </span>
     <span class='ocr_line' id='line_1_3' title="bbox 130 515 1229 596; baseline 0.004 -24"><span class='ocrx_word' id='word_1_15' title='bbox 130 525 191 573; x_wconf 90' lang='lat' dir='ltr'>tam</span> <span class='ocrx_word' id='word_1_16' title='bbox 211 515 405 592; x_wconf 68' lang='lat' dir='ltr'>degenerem?</span> <span class='ocrx_word' id='word_1_17' title='bbox 424 515 491 595; x_wconf 82' lang='lat' dir='ltr'>Ego</span> <span class='ocrx_word' id='word_1_18' title='bbox 504 519 624 596; x_wconf 85' lang='lat' dir='ltr'>quidem</span> <span class='ocrx_word' id='word_1_19' title='bbox 645 519 780 588; x_wconf 70' lang='lat' dir='ltr'>arbitror,</span> <span class='ocrx_word' id='word_1_20' title='bbox 803 517 826 578; x_wconf 90' lang='lat' dir='ltr'>si</span> <span class='ocrx_word' id='word_1_21' title='bbox 845 535 947 578; x_wconf 83' lang='lat' dir='ltr'>revera</span> <span class='ocrx_word' id='word_1_22' title='bbox 968 517 1012 576; x_wconf 82' lang='lat' dir='ltr'>uir</span> <span class='ocrx_word' id='word_1_23' title='bbox 1033 519 1128 577; x_wconf 86' lang='lat' dir='ltr'>bonus</span> <span class='ocrx_word' id='word_1_24' title='bbox 1149 527 1229 578; x_wconf 91' lang='lat' dir='ltr'>esset</span> 
     </span>
     <span class='ocr_line' id='line_1_4' title="bbox 131 605 1228 688; baseline 0.005 -25"><span class='ocrx_word' id='word_1_25' title='bbox 131 605 255 676; x_wconf 85' lang='lat' dir='ltr'>Laches,</span> <span class='ocrx_word' id='word_1_26' title='bbox 274 617 306 666; x_wconf 87' lang='lat' dir='ltr'>et</span> <span class='ocrx_word' id='word_1_27' title='bbox 323 609 417 666; x_wconf 87' lang='lat' dir='ltr'>bonus</span> <span class='ocrx_word' id='word_1_28' title='bbox 431 608 514 681; x_wconf 84' lang='lat' dir='ltr'>ciris,</span> <span class='ocrx_word' id='word_1_29' title='bbox 527 611 606 669; x_wconf 89' lang='lat' dir='ltr'>ultro</span> <span class='ocrx_word' id='word_1_30' title='bbox 617 610 754 670; x_wconf 88' lang='lat' dir='ltr'>daturum</span> <span class='ocrx_word' id='word_1_31' title='bbox 768 610 860 669; x_wconf 83' lang='lat' dir='ltr'>luisse</span> <span class='ocrx_word' id='word_1_32' title='bbox 875 607 1005 688; x_wconf 81' lang='lat' dir='ltr'>operam,</span> <span class='ocrx_word' id='word_1_33' title='bbox 1020 618 1052 667; x_wconf 94' lang='lat' dir='ltr'>ut</span> <span class='ocrx_word' id='word_1_34' title='bbox 1070 607 1157 682; x_wconf 85' lang='lat' dir='ltr'>filius,</span> <span class='ocrx_word' id='word_1_35' title='bbox 1177 607 1228 686; x_wconf 89' lang='lat' dir='ltr'>qui</span> 
     </span>
     <span class='ocr_line' id='line_1_5' title="bbox 129 694 1227 781; baseline 0.005 -26"><span class='ocrx_word' id='word_1_36' title='bbox 129 699 247 774; x_wconf 82' lang='lat' dir='ltr'>quidem</span> <span class='ocrx_word' id='word_1_37' title='bbox 262 699 301 758; x_wconf 93' lang='lat' dir='ltr'>sit</span> <span class='ocrx_word' id='word_1_38' title='bbox 311 694 397 770; x_wconf 85' lang='lat' dir='ltr'>talis,</span> <span class='ocrx_word' id='word_1_39' title='bbox 411 709 442 759; x_wconf 90' lang='lat' dir='ltr'>et</span> <span class='ocrx_word' id='word_1_40' title='bbox 460 709 543 761; x_wconf 88' lang='lat' dir='ltr'>tanto</span> <span class='ocrx_word' id='word_1_41' title='bbox 559 698 705 762; x_wconf 76' lang='lat' dir='ltr'><strong>dedecore</strong></span> <span class='ocrx_word' id='word_1_42' title='bbox 719 712 832 781; x_wconf 87' lang='lat' dir='ltr'>patrem</span> <span class='ocrx_word' id='word_1_43' title='bbox 846 701 966 773; x_wconf 87' lang='lat' dir='ltr'>afficiat,</span> <span class='ocrx_word' id='word_1_44' title='bbox 979 702 1009 760; x_wconf 88' lang='lat' dir='ltr'>in</span> <span class='ocrx_word' id='word_1_45' title='bbox 1026 699 1143 762; x_wconf 83' lang='lat' dir='ltr'>vincula</span> <span class='ocrx_word' id='word_1_46' title='bbox 1155 701 1227 761; x_wconf 86' lang='lat' dir='ltr'>¹cou-</span> 
     </span>
     <span class='ocr_line' id='line_1_6' title="bbox 123 787 1227 872; baseline 0.003 -23"><span class='ocrx_word' id='word_1_47' title='bbox 123 791 273 869; x_wconf 78' lang='lat' dir='ltr'>jioeretur.</span> <span class='ocrx_word' id='word_1_48' title='bbox 300 792 340 850; x_wconf 85' lang='lat' dir='ltr'>Et</span> <span class='ocrx_word' id='word_1_49' title='bbox 359 793 438 852; x_wconf 85' lang='lat' dir='ltr'>huuc</span> <span class='ocrx_word' id='word_1_50' title='bbox 459 787 532 853; x_wconf 82' lang='lat' dir='ltr'>saue</span> <span class='ocrx_word' id='word_1_51' title='bbox 545 791 666 854; x_wconf 84' lang='lat' dir='ltr'>missurn</span> <span class='ocrx_word' id='word_1_52' title='bbox 688 793 841 868; x_wconf 86' lang='lat' dir='ltr'>faciamus,</span> <span class='ocrx_word' id='word_1_53' title='bbox 863 791 1097 872; x_wconf 81' lang='lat' dir='ltr'>Glaucetemque</span> <span class='ocrx_word' id='word_1_54' title='bbox 1113 802 1227 872; x_wconf 87' lang='lat' dir='ltr'>specte·</span> 
     </span>
     <span class='ocr_line' id='line_1_7' title="bbox 128 879 1227 973; baseline 0.005 -34"><span class='ocrx_word' id='word_1_55' title='bbox 128 901 203 940; x_wconf 78' lang='lat' dir='ltr'>nius.</span> <span class='ocrx_word' id='word_1_56' title='bbox 234 883 303 973; x_wconf 84' lang='lat' dir='ltr'>Non</span> <span class='ocrx_word' id='word_1_57' title='bbox 316 898 387 942; x_wconf 81' lang='lat' dir='ltr'>vero</span> <span class='ocrx_word' id='word_1_58' title='bbox 399 883 447 944; x_wconf 87' lang='lat' dir='ltr'>hic</span> <span class='ocrx_word' id='word_1_59' title='bbox 456 884 483 944; x_wconf 90' lang='lat' dir='ltr'>is</span> <span class='ocrx_word' id='word_1_60' title='bbox 495 896 551 955; x_wconf 92' lang='lat' dir='ltr'>est,</span> <span class='ocrx_word' id='word_1_61' title='bbox 564 885 614 964; x_wconf 88' lang='lat' dir='ltr'>qui</span> <span class='ocrx_word' id='word_1_62' title='bbox 628 885 696 945; x_wconf 87' lang='lat' dir='ltr'>binc</span> <span class='ocrx_word' id='word_1_63' title='bbox 711 879 868 945; x_wconf 84' lang='lat' dir='ltr'>Da&#39;celearn</span> <span class='ocrx_word' id='word_1_64' title='bbox 880 885 1044 964; x_wconf 73' lang='lat' dir='ltr'>transfugit,</span> <span class='ocrx_word' id='word_1_65' title='bbox 1059 895 1148 963; x_wconf 89' lang='lat' dir='ltr'>atque</span> <span class='ocrx_word' id='word_1_66' title='bbox 1157 883 1227 944; x_wconf 89' lang='lat' dir='ltr'>inde</span> 
     </span>
     <span class='ocr_line' id='line_1_8' title="bbox 32 973 1226 1055; baseline 0 -23"><span class='ocrx_word' id='word_1_67' title='bbox 32 1047 37 1055; x_wconf 25' lang='grc' dir='ltr'><strong><em>ι</em></strong></span> <span class='ocrx_word' id='word_1_68' title='bbox 90 997 93 1002; x_wconf 95' lang='grc'><strong><em>·</em></strong></span> <span class='ocrx_word' id='word_1_69' title='bbox 127 973 294 1034; x_wconf 76' lang='lat' dir='ltr'><strong>incursione</strong></span> <span class='ocrx_word' id='word_1_70' title='bbox 307 975 399 1046; x_wconf 83' lang='lat' dir='ltr'>facta,</span> <span class='ocrx_word' id='word_1_71' title='bbox 415 989 467 1034; x_wconf 82' lang='lat' dir='ltr'>vos</span> <span class='ocrx_word' id='word_1_72' title='bbox 480 977 559 1034; x_wconf 91' lang='lat' dir='ltr'>omni</span> <span class='ocrx_word' id='word_1_73' title='bbox 575 976 717 1051; x_wconf 74' lang='lat' dir='ltr'>latrocinii</span> <span class='ocrx_word' id='word_1_74' title='bbox 732 995 840 1054; x_wconf 77' lang='lat' dir='ltr'>genere</span> <span class='ocrx_word' id='word_1_75' title='bbox 852 986 898 1034; x_wconf 92' lang='lat' dir='ltr'>est</span> <span class='ocrx_word' id='word_1_76' title='bbox 911 975 1126 1055; x_wconf 74' lang='lat' dir='ltr'>depmdatmt·</span> <span class='ocrx_word' id='word_1_77' title='bbox 1136 973 1226 1052; x_wconf 79' lang='lat' dir='ltr'>Atqui</span> 
     </span>
     <span class='ocr_line' id='line_1_9' title="bbox 128 1058 1227 1146; baseline 0 -22"><span class='ocrx_word' id='word_1_78' title='bbox 128 1066 193 1126; x_wconf 74' lang='lat' dir='ltr'>llaec</span> <span class='ocrx_word' id='word_1_79' title='bbox 205 1058 273 1145; x_wconf 79' lang='lat' dir='ltr'>qum</span> <span class='ocrx_word' id='word_1_80' title='bbox 284 1059 363 1142; x_wconf 83' lang='lat' dir='ltr'>dico,</span> <span class='ocrx_word' id='word_1_81' title='bbox 377 1068 470 1128; x_wconf 87' lang='lat' dir='ltr'>nostis</span> <span class='ocrx_word' id='word_1_82' title='bbox 480 1089 591 1129; x_wconf 88' lang='lat' dir='ltr'>omues.</span> <span class='ocrx_word' id='word_1_83' title='bbox 625 1068 773 1146; x_wconf 84' lang='lat' dir='ltr'>Quicquid</span> <span class='ocrx_word' id='word_1_84' title='bbox 788 1079 886 1128; x_wconf 87' lang='lat' dir='ltr'>autem</span> <span class='ocrx_word' id='word_1_85' title='bbox 900 1086 917 1127; x_wconf 90' lang='lat' dir='ltr'>a</span> <span class='ocrx_word' id='word_1_86' title='bbox 930 1067 1036 1128; x_wconf 84' lang='lat' dir='ltr'>uestris</span> <span class='ocrx_word' id='word_1_87' title='bbox 1046 1065 1227 1128; x_wconf 84' lang='lat' dir='ltr'>uxoribuset</span> 
     </span>
     <span class='ocr_line' id='line_1_10' title="bbox 125 1152 1225 1240; baseline 0.003 -25"><span class='ocrx_word' id='word_1_88' title='bbox 125 1157 225 1218; x_wconf 86' lang='lat' dir='ltr'>liberis</span> <span class='ocrx_word' id='word_1_89' title='bbox 239 1159 353 1240; x_wconf 88' lang='lat' dir='ltr'>eripuit,</span> <span class='ocrx_word' id='word_1_90' title='bbox 376 1152 515 1239; x_wconf 81' lang='lat' dir='ltr'>quicquid</span> <span class='ocrx_word' id='word_1_91' title='bbox 533 1161 652 1220; x_wconf 88' lang='lat' dir='ltr'>aliunde</span> <span class='ocrx_word' id='word_1_92' title='bbox 677 1172 783 1220; x_wconf 87' lang='lat' dir='ltr'>nactus</span> <span class='ocrx_word' id='word_1_93' title='bbox 801 1159 868 1230; x_wconf 84' lang='lat' dir='ltr'>luit,</span> <span class='ocrx_word' id='word_1_94' title='bbox 888 1159 990 1220; x_wconf 89' lang='lat' dir='ltr'>horum</span> <span class='ocrx_word' id='word_1_95' title='bbox 1014 1160 1145 1219; x_wconf 86' lang='lat' dir='ltr'>omnium</span> <span class='ocrx_word' id='word_1_96' title='bbox 1163 1153 1225 1218; x_wconf 83' lang='lat' dir='ltr'>illic</span> 
     </span>
     <span class='ocr_line' id='line_1_11' title="bbox 127 1249 1223 1330; baseline 0.002 -24"><span class='ocrx_word' id='word_1_97' title='bbox 127 1251 271 1330; x_wconf 76' lang='lat' dir='ltr'>praesecto</span> <span class='ocrx_word' id='word_1_98' title='bbox 292 1252 444 1312; x_wconf 89' lang='lat' dir='ltr'>Laconico</span> <span class='ocrx_word' id='word_1_99' title='bbox 458 1251 589 1312; x_wconf 86' lang='lat' dir='ltr'>decimas</span> <span class='ocrx_word' id='word_1_100' title='bbox 609 1255 687 1312; x_wconf 87' lang='lat' dir='ltr'>bona</span> <span class='ocrx_word' id='word_1_101' title='bbox 708 1251 767 1314; x_wconf 88' lang='lat' dir='ltr'>lide</span> <span class='ocrx_word' id='word_1_102' title='bbox 780 1249 1105 1312; x_wconf 82' lang='lat' dir='ltr'>annumeravitr&#39;deam</span> <span class='ocrx_word' id='word_1_103' title='bbox 1123 1249 1223 1310; x_wconf 82' lang='lat' dir='ltr'>tamen</span> 
     </span>
     <span class='ocr_line' id='line_1_12' title="bbox 127 1333 1225 1422; baseline 0.002 -24"><span class='ocrx_word' id='word_1_104' title='bbox 127 1333 268 1413; x_wconf 77' lang='lat' dir='ltr'>nostram,</span> <span class='ocrx_word' id='word_1_105' title='bbox 289 1344 409 1402; x_wconf 88' lang='lat' dir='ltr'>decreto</span> <span class='ocrx_word' id='word_1_106' title='bbox 423 1344 450 1402; x_wconf 89' lang='lat' dir='ltr'>ei</span> <span class='ocrx_word' id='word_1_107' title='bbox 471 1362 490 1403; x_wconf 87' lang='lat' dir='ltr'>a</span> <span class='ocrx_word' id='word_1_108' title='bbox 508 1343 591 1404; x_wconf 85' lang='lat' dir='ltr'>vobis</span> <span class='ocrx_word' id='word_1_109' title='bbox 612 1342 768 1422; x_wconf 77' lang='lat' dir='ltr'>legationis</span> <span class='ocrx_word' id='word_1_110' title='bbox 789 1343 910 1414; x_wconf 83' lang='lat' dir='ltr'>honore,</span> <span class='ocrx_word' id='word_1_111' title='bbox 933 1339 1053 1401; x_wconf 77' lang='lat' dir='ltr'>decimis</span> <span class='ocrx_word' id='word_1_112' title='bbox 1069 1339 1225 1400; x_wconf 82' lang='lat' dir='ltr'>hosu&#39;libua</span> 
     </span>
     <span class='ocr_line' id='line_1_13' title="bbox 128 1423 1225 1516; baseline 0 -28"><span class='ocrx_word' id='word_1_113' title='bbox 128 1423 329 1516; x_wconf 76' lang='lat' dir='ltr'>deimudarit:</span> <span class='ocrx_word' id='word_1_114' title='bbox 351 1444 528 1512; x_wconf 69' lang='lat' dir='ltr'>quaesturam</span> <span class='ocrx_word' id='word_1_115' title='bbox 543 1434 619 1494; x_wconf 88' lang='lat' dir='ltr'>arcis</span> <span class='ocrx_word' id='word_1_116' title='bbox 633 1434 770 1512; x_wconf 85' lang='lat' dir='ltr'>adeptus,</span> <span class='ocrx_word' id='word_1_117' title='bbox 788 1441 897 1495; x_wconf 76' lang='lat' dir='ltr'>nosue</span> <span class='ocrx_word' id='word_1_118' title='bbox 917 1432 1043 1492; x_wconf 85' lang='lat' dir='ltr'>civitatis</span> <span class='ocrx_word' id='word_1_119' title='bbox 1056 1433 1176 1510; x_wconf 84' lang='lat' dir='ltr'>praemia</span> <span class='ocrx_word' id='word_1_120' title='bbox 1194 1439 1225 1488; x_wconf 90' lang='lat' dir='ltr'>et</span> 
     </span>
     <span class='ocr_line' id='line_1_14' title="bbox 128 1522 1224 1603; baseline 0 -24"><span class='ocrx_word' id='word_1_121' title='bbox 128 1522 307 1582; x_wconf 87' lang='lat' dir='ltr'>monimenta</span> <span class='ocrx_word' id='word_1_122' title='bbox 320 1524 498 1584; x_wconf 78' lang='lat' dir='ltr'>fortitudinis</span> <span class='ocrx_word' id='word_1_123' title='bbox 510 1543 579 1602; x_wconf 86' lang='lat' dir='ltr'>quas</span> <span class='ocrx_word' id='word_1_124' title='bbox 594 1527 632 1585; x_wconf 86' lang='lat' dir='ltr'>de</span> <span class='ocrx_word' id='word_1_125' title='bbox 644 1525 775 1584; x_wconf 80' lang='lat' dir='ltr'>barbaria</span> <span class='ocrx_word' id='word_1_126' title='bbox 793 1526 920 1603; x_wconf 85' lang='lat' dir='ltr'>ceperat,</span> <span class='ocrx_word' id='word_1_127' title='bbox 940 1543 977 1584; x_wconf 87' lang='lat' dir='ltr'>ex</span> <span class='ocrx_word' id='word_1_128' title='bbox 989 1541 1064 1583; x_wconf 81' lang='lat' dir='ltr'>arce</span> <span class='ocrx_word' id='word_1_129' title='bbox 1079 1522 1224 1601; x_wconf 79' lang='lat' dir='ltr'><strong>surripuit,</strong></span> 
     </span>
    </p>
   </div>
   <div class='ocr_carea' id='block_1_3' title="bbox 128 1612 1350 1697">
    <p class='ocr_par' dir='ltr' id='par_1_3' title="bbox 128 1612 1350 1697">
     <span class='ocr_line' id='line_1_15' title="bbox 128 1612 1350 1697; baseline 0.003 -26"><span class='ocrx_word' id='word_1_130' title='bbox 128 1614 231 1694; x_wconf 78' lang='lat' dir='ltr'>sellam</span> <span class='ocrx_word' id='word_1_131' title='bbox 245 1612 324 1674; x_wconf 87' lang='lat' dir='ltr'>illam</span> <span class='ocrx_word' id='word_1_132' title='bbox 339 1617 407 1676; x_wconf 72' lang='lat' dir='ltr'>&lt;nco</span> <span class='ocrx_word' id='word_1_133' title='bbox 420 1617 565 1696; x_wconf 70' lang='lat' dir='ltr'>argenteis</span> <span class='ocrx_word' id='word_1_134' title='bbox 574 1617 709 1697; x_wconf 82' lang='lat' dir='ltr'>pedibus,</span> <span class='ocrx_word' id='word_1_135' title='bbox 723 1627 754 1676; x_wconf 90' lang='lat' dir='ltr'>et</span> <span class='ocrx_word' id='word_1_136' title='bbox 767 1616 915 1676; x_wconf 75' lang='lat' dir='ltr'>acinacem</span> <span class='ocrx_word' id='word_1_137' title='bbox 929 1615 1224 1693; x_wconf 85' lang='lat' dir='ltr'>Mardonii,quiDa-</span> <span class='ocrx_word' id='word_1_138' title='bbox 1305 1649 1310 1656; x_wconf 93' lang='lat'><em>·</em></span> <span class='ocrx_word' id='word_1_139' title='bbox 1347 1677 1350 1683; x_wconf 75' lang='grc'><strong>,</strong></span> 
     </span>
    </p>
   </div>
   <div class='ocr_carea' id='block_1_4' title="bbox 82 1697 1223 2609">
    <p class='ocr_par' dir='ltr' id='par_1_4' title="bbox 82 1697 1223 2609">
     <span class='ocr_line' id='line_1_16' title="bbox 92 1697 1223 1787; baseline 0.003 -26"><span class='ocrx_word' id='word_1_140' title='bbox 92 1709 95 1712; x_wconf 82' lang='grc'><strong>’</strong></span> <span class='ocrx_word' id='word_1_141' title='bbox 127 1703 204 1763; x_wconf 84' lang='lat' dir='ltr'>n‘cos</span> <span class='ocrx_word' id='word_1_142' title='bbox 219 1716 365 1766; x_wconf 86' lang='lat' dir='ltr'>trecentos</span> <span class='ocrx_word' id='word_1_143' title='bbox 374 1706 465 1766; x_wconf 74' lang='lat' dir='ltr'>valet:</span> <span class='ocrx_word' id='word_1_144' title='bbox 484 1707 524 1766; x_wconf 85' lang='lat' dir='ltr'>Et</span> <span class='ocrx_word' id='word_1_145' title='bbox 536 1706 922 1787; x_wconf 79' lang='lat' dir='ltr'>boecitasuntpervulgata,</span> <span class='ocrx_word' id='word_1_146' title='bbox 933 1715 1063 1766; x_wconf 88' lang='lat' dir='ltr'>utnemo</span> <span class='ocrx_word' id='word_1_147' title='bbox 1073 1697 1223 1766; x_wconf 78' lang='lat' dir='ltr'>hominium</span> 
     </span>
     <span class='ocr_line' id='line_1_17' title="bbox 126 1795 1223 1874; baseline 0.002 -20"><span class='ocrx_word' id='word_1_148' title='bbox 126 1797 250 1874; x_wconf 78' lang='lat' dir='ltr'>ignoret.</span> <span class='ocrx_word' id='word_1_149' title='bbox 287 1799 321 1857; x_wconf 90' lang='lat' dir='ltr'>ln</span> <span class='ocrx_word' id='word_1_150' title='bbox 340 1799 406 1858; x_wconf 89' lang='lat' dir='ltr'>aliis</span> <span class='ocrx_word' id='word_1_151' title='bbox 421 1809 519 1859; x_wconf 87' lang='lat' dir='ltr'>autem</span> <span class='ocrx_word' id='word_1_152' title='bbox 534 1801 623 1861; x_wconf 87' lang='lat' dir='ltr'>rebus</span> <span class='ocrx_word' id='word_1_153' title='bbox 636 1819 733 1859; x_wconf 85' lang='lat' dir='ltr'>nonne</span> <span class='ocrx_word' id='word_1_154' title='bbox 745 1795 795 1858; x_wconf 81' lang='lat' dir='ltr'>&#39;es&#39;t</span> <span class='ocrx_word' id='word_1_155' title='bbox 806 1797 936 1858; x_wconf 85' lang='lat' dir='ltr'>omnium</span> <span class='ocrx_word' id='word_1_156' title='bbox 948 1797 1099 1858; x_wconf 86' lang='lat' dir='ltr'>hominum</span> <span class='ocrx_word' id='word_1_157' title='bbox 1112 1797 1223 1859; x_wconf 85' lang='lat' dir='ltr'>violen-</span> 
     </span>
     <span class='ocr_line' id='line_1_18' title="bbox 112 1883 1223 1970; baseline 0.005 -26"><span class='ocrx_word' id='word_1_158' title='bbox 112 1889 278 1950; x_wconf 86' lang='lat' dir='ltr'>.tissimusl</span> <span class='ocrx_word' id='word_1_159' title='bbox 301 1883 487 1950; x_wconf 82' lang='lat' dir='ltr'>Parcendum</span> <span class='ocrx_word' id='word_1_160' title='bbox 509 1890 597 1969; x_wconf 86' lang='lat' dir='ltr'>igitur</span> <span class='ocrx_word' id='word_1_161' title='bbox 610 1890 725 1951; x_wconf 88' lang='lat' dir='ltr'>illorum</span> <span class='ocrx_word' id='word_1_162' title='bbox 745 1890 884 1970; x_wconf 86' lang='lat' dir='ltr'>cuiquam</span> <span class='ocrx_word' id='word_1_163' title='bbox 897 1899 951 1963; x_wconf 82' lang='lat' dir='ltr'>est,</span> <span class='ocrx_word' id='word_1_164' title='bbox 971 1898 1005 1949; x_wconf 91' lang='lat' dir='ltr'>ut</span> <span class='ocrx_word' id='word_1_165' title='bbox 1020 1889 1223 1968; x_wconf 72' lang='lat' dir='ltr'>proptaristoa</span> 
     </span>
     <span class='ocr_line' id='line_1_19' title="bbox 127 1977 1222 2061; baseline -0.001 -23"><span class='ocrx_word' id='word_1_166' title='bbox 127 1981 173 2039; x_wconf 85' lang='lat' dir='ltr'>rel</span> <span class='ocrx_word' id='word_1_167' title='bbox 188 1982 253 2041; x_wconf 78' lang='lat' dir='ltr'>deas</span> <span class='ocrx_word' id='word_1_168' title='bbox 264 1977 389 2040; x_wconf 74' lang='lat' dir='ltr'>decimas</span> <span class='ocrx_word' id='word_1_169' title='bbox 402 1980 601 2060; x_wconf 77' lang='lat' dir='ltr'>negligantur,</span> <span class='ocrx_word' id='word_1_170' title='bbox 620 1983 666 2040; x_wconf 84' lang='lat' dir='ltr'>vel</span> <span class='ocrx_word' id='word_1_171' title='bbox 679 1979 789 2061; x_wconf 85' lang='lat' dir='ltr'>duplex</span> <span class='ocrx_word' id='word_1_172' title='bbox 803 1981 911 2042; x_wconf 81' lang='lat' dir='ltr'>solutio</span> <span class='ocrx_word' id='word_1_173' title='bbox 931 1979 1060 2060; x_wconf 78' lang='lat' dir='ltr'>publium</span> <span class='ocrx_word' id='word_1_174' title='bbox 1076 1981 1222 2060; x_wconf 67' lang='lat' dir='ltr'>pecunia,</span> 
     </span>
     <span class='ocr_line' id='line_1_20' title="bbox 126 2070 1223 2149; baseline 0 -19"><span class='ocrx_word' id='word_1_175' title='bbox 126 2071 238 2130; x_wconf 85' lang='lat' dir='ltr'>aniate</span> <span class='ocrx_word' id='word_1_176' title='bbox 263 2073 483 2149; x_wconf 88' lang='lat' dir='ltr'>potius-talium</span> <span class='ocrx_word' id='word_1_177' title='bbox 507 2070 625 2132; x_wconf 88' lang='lat' dir='ltr'>sedulus</span> <span class='ocrx_word' id='word_1_178' title='bbox 645 2073 783 2130; x_wconf 81' lang='lat' dir='ltr'>defensor</span> <span class='ocrx_word' id='word_1_179' title='bbox 803 2071 992 2148; x_wconf 84' lang='lat' dir='ltr'>puniendusl</span> <span class='ocrx_word' id='word_1_180' title='bbox 1018 2071 1136 2148; x_wconf 72' lang='lat' dir='ltr'>Ecquid</span> <span class='ocrx_word' id='word_1_181' title='bbox 1153 2089 1223 2130; x_wconf 85' lang='lat' dir='ltr'>vero</span> 
     </span>
     <span class='ocr_line' id='line_1_21' title="bbox 91 2161 1222 2241; baseline 0.001 -22"><span class='ocrx_word' id='word_1_182' title='bbox 91 2172 95 2179; x_wconf 88' lang='grc'><strong>’</strong></span> <span class='ocrx_word' id='word_1_183' title='bbox 125 2161 269 2239; x_wconf 88' lang='lat' dir='ltr'>probibet,</span> <span class='ocrx_word' id='word_1_184' title='bbox 282 2181 343 2240; x_wconf 84' lang='lat' dir='ltr'>quo</span> <span class='ocrx_word' id='word_1_185' title='bbox 355 2163 453 2221; x_wconf 79' lang='lat' dir='ltr'>miuus</span> <span class='ocrx_word' id='word_1_186' title='bbox 464 2179 567 2222; x_wconf 85' lang='lat' dir='ltr'>omnes</span> <span class='ocrx_word' id='word_1_187' title='bbox 579 2162 704 2241; x_wconf 84' lang='lat' dir='ltr'>improbi</span> <span class='ocrx_word' id='word_1_188' title='bbox 717 2161 787 2234; x_wconf 88' lang='lat' dir='ltr'>sint,</span> <span class='ocrx_word' id='word_1_189' title='bbox 801 2162 851 2220; x_wconf 90' lang='lat' dir='ltr'>ubi</span> <span class='ocrx_word' id='word_1_190' title='bbox 864 2173 925 2220; x_wconf 86' lang='lat' dir='ltr'>taur</span> <span class='ocrx_word' id='word_1_191' title='bbox 939 2162 1056 2220; x_wconf 80' lang='lat' dir='ltr'>lucrosa</span> <span class='ocrx_word' id='word_1_192' title='bbox 1068 2161 1154 2220; x_wconf 87' lang='lat' dir='ltr'>luerit</span> <span class='ocrx_word' id='word_1_193' title='bbox 1167 2163 1222 2220; x_wconf 93' lang='lat' dir='ltr'>im·</span> 
     </span>
     <span class='ocr_line' id='line_1_22' title="bbox 82 2247 1220 2333; baseline 0.001 -22"><span class='ocrx_word' id='word_1_194' title='bbox 82 2326 84 2331; x_wconf 28' lang='grc' dir='ltr'>Ι</span> <span class='ocrx_word' id='word_1_195' title='bbox 124 2253 276 2332; x_wconf 72' lang='lat' dir='ltr'>probitas?</span> <span class='ocrx_word' id='word_1_196' title='bbox 296 2247 387 2327; x_wconf 87' lang='lat' dir='ltr'>Nihil,</span> <span class='ocrx_word' id='word_1_197' title='bbox 402 2272 467 2312; x_wconf 88' lang='lat' dir='ltr'>mea</span> <span class='ocrx_word' id='word_1_198' title='bbox 477 2254 597 2333; x_wconf 87' lang='lat' dir='ltr'>quidem</span> <span class='ocrx_word' id='word_1_199' title='bbox 609 2253 758 2333; x_wconf 86' lang='lat' dir='ltr'>opinione.</span> <span class='ocrx_word' id='word_1_200' title='bbox 788 2249 834 2311; x_wconf 89' lang='lat' dir='ltr'>Ne</span> <span class='ocrx_word' id='word_1_201' title='bbox 848 2251 936 2331; x_wconf 87' lang='lat' dir='ltr'>igitur</span> <span class='ocrx_word' id='word_1_202' title='bbox 946 2252 1002 2332; x_wconf 90' lang='lat' dir='ltr'>ipsi</span> <span class='ocrx_word' id='word_1_203' title='bbox 1017 2251 1157 2323; x_wconf 75' lang='lat' dir='ltr'>doceatis,</span> <span class='ocrx_word' id='word_1_204' title='bbox 1166 2251 1220 2312; x_wconf 87' lang='lat' dir='ltr'>sed</span> 
     </span>
     <span class='ocr_line' id='line_1_23' title="bbox 124 2341 1220 2424; baseline 0 -21"><span class='ocrx_word' id='word_1_205' title='bbox 124 2341 372 2424; x_wconf 80' lang='lat' dir='ltr'>puniatis,&#39;neque</span> <span class='ocrx_word' id='word_1_206' title='bbox 383 2345 479 2415; x_wconf 86' lang='lat' dir='ltr'>sinite,</span> <span class='ocrx_word' id='word_1_207' title='bbox 491 2357 529 2406; x_wconf 86' lang='lat' dir='ltr'>ut</span> <span class='ocrx_word' id='word_1_208' title='bbox 538 2345 737 2424; x_wconf 78' lang='lat' dir='ltr'>indignentur,</span> <span class='ocrx_word' id='word_1_209' title='bbox 748 2363 780 2404; x_wconf 82' lang='lat' dir='ltr'>ee</span> <span class='ocrx_word' id='word_1_210' title='bbox 790 2343 829 2403; x_wconf 93' lang='lat' dir='ltr'>ob&#39;</span> <span class='ocrx_word' id='word_1_211' title='bbox 839 2343 953 2423; x_wconf 83' lang='lat' dir='ltr'>rapinas</span> <span class='ocrx_word' id='word_1_212' title='bbox 962 2361 1051 2423; x_wconf 89' lang='lat' dir='ltr'>opum</span> <span class='ocrx_word' id='word_1_213' title='bbox 1063 2353 1220 2403; x_wconf 83' lang='lat' dir='ltr'>vestrarum</span> 
     </span>
     <span class='ocr_line' id='line_1_24' title="bbox 125 2434 1221 2517; baseline 0.001 -24"><span class='ocrx_word' id='word_1_214' title='bbox 125 2437 156 2493; x_wconf 88' lang='lat' dir='ltr'>in</span> <span class='ocrx_word' id='word_1_215' title='bbox 168 2434 286 2494; x_wconf 85' lang='lat' dir='ltr'>vincula</span> <span class='ocrx_word' id='word_1_216' title='bbox 298 2436 413 2517; x_wconf 86' lang='lat' dir='ltr'>conjici,</span> <span class='ocrx_word' id='word_1_217' title='bbox 427 2436 478 2495; x_wconf 77' lang='lat' dir='ltr'>se&#39;d</span> <span class='ocrx_word' id='word_1_218' title='bbox 492 2437 609 2517; x_wconf 86' lang='lat' dir='ltr'>legibus</span> <span class='ocrx_word' id='word_1_219' title='bbox 622 2455 675 2496; x_wconf 89' lang='lat' dir='ltr'>eos</span> <span class='ocrx_word' id='word_1_220' title='bbox 688 2435 832 2516; x_wconf 77' lang='lat' dir='ltr'>subjicite.</span> <span class='ocrx_word' id='word_1_221' title='bbox 866 2434 970 2513; x_wconf 84' lang='lat' dir='ltr'>Neque</span> <span class='ocrx_word' id='word_1_222' title='bbox 985 2435 1061 2494; x_wconf 85' lang='lat' dir='ltr'>euim</span> <span class='ocrx_word' id='word_1_223' title='bbox 1075 2434 1124 2513; x_wconf 88' lang='lat' dir='ltr'>qui</span> <span class='ocrx_word' id='word_1_224' title='bbox 1137 2453 1221 2514; x_wconf 89' lang='lat' dir='ltr'>pere·</span> 
     </span>
     <span class='ocr_line' id='line_1_25' title="bbox 124 2526 1221 2609; baseline -0.002 -22"><span class='ocrx_word' id='word_1_225' title='bbox 124 2528 269 2608; x_wconf 84' lang='lat' dir='ltr'>grinitatis</span> <span class='ocrx_word' id='word_1_226' title='bbox 291 2530 476 2602; x_wconf 78' lang='lat' dir='ltr'>damnantur,</span> <span class='ocrx_word' id='word_1_227' title='bbox 488 2526 576 2609; x_wconf 83' lang='lat' dir='ltr'>aegre</span> <span class='ocrx_word' id='word_1_228' title='bbox 595 2528 693 2590; x_wconf 82' lang='lat' dir='ltr'>ierunt</span> <span class='ocrx_word' id='word_1_229' title='bbox 713 2547 746 2588; x_wconf 89' lang='lat' dir='ltr'>se</span> <span class='ocrx_word' id='word_1_230' title='bbox 766 2530 796 2587; x_wconf 93' lang='lat' dir='ltr'>iu</span> <span class='ocrx_word' id='word_1_231' title='bbox 813 2527 871 2587; x_wconf 88' lang='lat' dir='ltr'>hoc</span> <span class='ocrx_word' id='word_1_232' title='bbox 891 2542 958 2587; x_wconf 85' lang='lat' dir='ltr'>esse</span> <span class='ocrx_word' id='word_1_233' title='bbox 972 2526 1130 2601; x_wconf 81' lang='lat' dir='ltr'>domicilio,</span> <span class='ocrx_word' id='word_1_234' title='bbox 1150 2528 1221 2587; x_wconf 89' lang='lat' dir='ltr'>dum</span> 
     </span>
    </p>
   </div>
   <div class='ocr_carea' id='block_1_5' title="bbox 3 2618 1334 2780">
    <p class='ocr_par' dir='ltr' id='par_1_5' title="bbox 3 2618 1334 2780">
     <span class='ocr_line' id='line_1_26' title="bbox 3 2618 1334 2709; baseline 0 -31"><span class='ocrx_word' id='word_1_235' title='bbox 3 2694 6 2703; x_wconf 92' lang='lat'><em>.</em></span> <span class='ocrx_word' id='word_1_236' title='bbox 123 2620 193 2679; x_wconf 85' lang='lat' dir='ltr'>salsi</span> <span class='ocrx_word' id='word_1_237' title='bbox 206 2620 361 2680; x_wconf 87' lang='lat' dir='ltr'>testimonii</span> <span class='ocrx_word' id='word_1_238' title='bbox 374 2638 465 2681; x_wconf 86' lang='lat' dir='ltr'>causa</span> <span class='ocrx_word' id='word_1_239' title='bbox 483 2631 608 2699; x_wconf 81' lang='lat' dir='ltr'>agatur:</span> <span class='ocrx_word' id='word_1_240' title='bbox 635 2620 942 2697; x_wconf 61' lang='lat' dir='ltr'>sedmaneutueque</span> <span class='ocrx_word' id='word_1_241' title='bbox 959 2629 1074 2698; x_wconf 88' lang='lat' dir='ltr'>putant,</span> <span class='ocrx_word' id='word_1_242' title='bbox 1097 2618 1221 2678; x_wconf 74' lang='lat' dir='ltr'>uadibus</span> <span class='ocrx_word' id='word_1_243' title='bbox 1331 2700 1334 2709; x_wconf 91' lang='lat'><em>.</em></span> 
     </span>
     <span class='ocr_line' id='line_1_27' title="bbox 125 2708 1219 2780; baseline -0.003 -8"><span class='ocrx_word' id='word_1_244' title='bbox 125 2712 281 2772; x_wconf 78' lang='lat' dir='ltr'>datisesss</span> <span class='ocrx_word' id='word_1_245' title='bbox 298 2708 555 2771; x_wconf 73' lang='lat' dir='ltr'>obambulantium.</span> <span class='ocrx_word' id='word_1_246' title='bbox 579 2710 681 2770; x_wconf 89' lang='lat' dir='ltr'>Visum</span> <span class='ocrx_word' id='word_1_247' title='bbox 695 2712 771 2770; x_wconf 87' lang='lat' dir='ltr'>enim</span> <span class='ocrx_word' id='word_1_248' title='bbox 791 2721 839 2770; x_wconf 86' lang='lat' dir='ltr'>est</span> <span class='ocrx_word' id='word_1_249' title='bbox 852 2709 972 2780; x_wconf 84' lang='lat' dir='ltr'>civitati,</span> <span class='ocrx_word' id='word_1_250' title='bbox 992 2708 1079 2769; x_wconf 87' lang='lat' dir='ltr'>iidem</span> <span class='ocrx_word' id='word_1_251' title='bbox 1099 2708 1143 2768; x_wconf 88' lang='lat' dir='ltr'>eis</span> <span class='ocrx_word' id='word_1_252' title='bbox 1156 2728 1219 2769; x_wconf 89' lang='lat' dir='ltr'>non</span> 
     </span>
    </p>
   </div>
   <div class='ocr_carea' id='block_1_6' title="bbox 125 2788 1245 2976">
    <p class='ocr_par' dir='ltr' id='par_1_6' title="bbox 125 2788 1245 2976">
     <span class='ocr_line' id='line_1_28' title="bbox 125 2788 1220 2891; baseline -0.004 -28"><span class='ocrx_word' id='word_1_253' title='bbox 125 2824 192 2863; x_wconf 88' lang='lat' dir='ltr'>esse</span> <span class='ocrx_word' id='word_1_254' title='bbox 206 2800 381 2875; x_wconf 77' lang='lat' dir='ltr'>babendum,</span> <span class='ocrx_word' id='word_1_255' title='bbox 391 2823 488 2883; x_wconf 87' lang='lat' dir='ltr'>neque</span> <span class='ocrx_word' id='word_1_256' title='bbox 502 2801 754 2877; x_wconf 86' lang='lat' dir='ltr'>committendum,</span> <span class='ocrx_word' id='word_1_257' title='bbox 765 2812 800 2861; x_wconf 91' lang='lat' dir='ltr'>ut</span> <span class='ocrx_word' id='word_1_258' title='bbox 811 2820 864 2891; x_wconf 83' lang='lat' dir='ltr'>per</span> <span class='ocrx_word' id='word_1_259' title='bbox 876 2788 1005 2881; x_wconf 80' lang='lat' dir='ltr'>speciem</span> <span class='ocrx_word' id='word_1_260' title='bbox 1017 2800 1137 2859; x_wconf 83' lang='lat' dir='ltr'>redium</span> <span class='ocrx_word' id='word_1_261' title='bbox 1149 2797 1220 2860; x_wconf 84' lang='lat' dir='ltr'>&#39;con-</span> 
     </span>
     <span class='ocr_line' id='line_1_29' title="bbox 125 2890 1245 2976; baseline -0.002 -21"><span class='ocrx_word' id='word_1_262' title='bbox 125 2896 284 2955; x_wconf 71' lang='lat' dir='ltr'>stitutionis</span> <span class='ocrx_word' id='word_1_263' title='bbox 297 2896 418 2976; x_wconf 87' lang='lat' dir='ltr'>impune</span> <span class='ocrx_word' id='word_1_264' title='bbox 437 2893 640 2956; x_wconf 81' lang='lat' dir='ltr'>elaberentur:</span> <span class='ocrx_word' id='word_1_265' title='bbox 669 2894 722 2955; x_wconf 90' lang='lat' dir='ltr'>sed</span> <span class='ocrx_word' id='word_1_266' title='bbox 738 2904 772 2952; x_wconf 92' lang='lat' dir='ltr'>ut</span> <span class='ocrx_word' id='word_1_267' title='bbox 790 2894 830 2953; x_wconf 90' lang='lat' dir='ltr'>ibi</span> <span class='ocrx_word' id='word_1_268' title='bbox 842 2903 1006 2962; x_wconf 89' lang='lat' dir='ltr'>manerent,</span> <span class='ocrx_word' id='word_1_269' title='bbox 1027 2890 1076 2950; x_wconf 90' lang='lat' dir='ltr'>ubi</span> <span class='ocrx_word' id='word_1_270' title='bbox 1100 2911 1137 2951; x_wconf 82' lang='lat' dir='ltr'>err</span> <span class='ocrx_word' id='word_1_271' title='bbox 1155 2890 1221 2953; x_wconf 83' lang='lat' dir='ltr'>aliie</span> <span class='ocrx_word' id='word_1_272' title='bbox 1243 2962 1245 2971; x_wconf 22' lang='lat' dir='ltr'>y</span> 
     </span>
    </p>
   </div>
   <div class='ocr_carea' id='block_1_7' title="bbox 3 2981 1220 3064">
    <p class='ocr_par' dir='ltr' id='par_1_7' title="bbox 3 2981 1220 3064">
     <span class='ocr_line' id='line_1_30' title="bbox 3 2981 1220 3064; baseline 0.004 -27"><span class='ocrx_word' id='word_1_273' title='bbox 3 2995 4 3000; x_wconf 50' lang='lat'>¹</span> <span class='ocrx_word' id='word_1_274' title='bbox 121 3004 243 3064; x_wconf 38' lang='lat' dir='ltr'>*quoque</span> <span class='ocrx_word' id='word_1_275' title='bbox 263 2986 374 3046; x_wconf 79' lang='lat' dir='ltr'>civibus</span> <span class='ocrx_word' id='word_1_276' title='bbox 393 2982 493 3046; x_wconf 60' lang='lat' dir='ltr'>multiss</span> <span class='ocrx_word' id='word_1_277' title='bbox 513 2982 635 3046; x_wconf 70' lang='lat' dir='ltr'>Nam‘et</span> <span class='ocrx_word' id='word_1_278' title='bbox 651 2983 689 3045; x_wconf 88' lang='lat' dir='ltr'>ob</span> <span class='ocrx_word' id='word_1_279' title='bbox 702 2984 843 3064; x_wconf 82' lang='lat' dir='ltr'>pecunias</span> <span class='ocrx_word' id='word_1_280' title='bbox 857 2984 939 3043; x_wconf 92' lang='lat' dir='ltr'>multi</span> <span class='ocrx_word' id='word_1_281' title='bbox 951 2984 1013 3063; x_wconf 88' lang='lat' dir='ltr'>jam</span> <span class='ocrx_word' id='word_1_282' title='bbox 1035 2981 1123 3042; x_wconf 88' lang='lat' dir='ltr'>vineti</span> <span class='ocrx_word' id='word_1_283' title='bbox 1140 2992 1220 3059; x_wconf 85' lang='lat' dir='ltr'>sunt,</span> 
     </span>
    </p>
   </div>
   <div class='ocr_carea' id='block_1_8' title="bbox 98 3076 1220 3519">
    <p class='ocr_par' dir='ltr' id='par_1_8' title="bbox 98 3076 1220 3519">
     <span class='ocr_line' id='line_1_31' title="bbox 122 3076 900 3156; baseline 0 -21"><span class='ocrx_word' id='word_1_284' title='bbox 122 3084 286 3154; x_wconf 84' lang='lat' dir='ltr'>etpropter</span> <span class='ocrx_word' id='word_1_285' title='bbox 294 3076 416 3156; x_wconf 88' lang='lat' dir='ltr'>judicia,</span> <span class='ocrx_word' id='word_1_286' title='bbox 431 3085 462 3135; x_wconf 90' lang='lat' dir='ltr'>et</span> <span class='ocrx_word' id='word_1_287' title='bbox 476 3078 576 3135; x_wconf 84' lang='lat' dir='ltr'>tamen</span> <span class='ocrx_word' id='word_1_288' title='bbox 589 3076 619 3135; x_wconf 91' lang='lat' dir='ltr'>id</span> <span class='ocrx_word' id='word_1_289' title='bbox 642 3094 702 3135; x_wconf 85' lang='lat' dir='ltr'>non</span> <span class='ocrx_word' id='word_1_290' title='bbox 717 3084 900 3135; x_wconf 82' lang='lat' dir='ltr'>recursarunt.</span> 
     </span>
     <span class='ocr_line' id='line_1_32' title="bbox 148 3162 1220 3245; baseline -0.001 -19"><span class='ocrx_word' id='word_1_291' title='bbox 148 3165 150 3168; x_wconf 75' lang='grc'><strong>’</strong></span> <span class='ocrx_word' id='word_1_292' title='bbox 167 3168 217 3226; x_wconf 85' lang='grc'>34.</span> <span class='ocrx_word' id='word_1_293' title='bbox 240 3168 364 3227; x_wconf 85' lang='lat' dir='ltr'>losuare</span> <span class='ocrx_word' id='word_1_294' title='bbox 376 3167 496 3245; x_wconf 81' lang='lat' dir='ltr'>quidem</span> <span class='ocrx_word' id='word_1_295' title='bbox 517 3164 649 3227; x_wconf 73' lang='lat' dir='ltr'>tortuosis</span> <span class='ocrx_word' id='word_1_296' title='bbox 668 3176 715 3224; x_wconf 89' lang='lat' dir='ltr'>est</span> <span class='ocrx_word' id='word_1_297' title='bbox 735 3163 906 3236; x_wconf 79' lang='lat' dir='ltr'>nominatim</span> <span class='ocrx_word' id='word_1_298' title='bbox 920 3162 1087 3224; x_wconf 82' lang='lat' dir='ltr'>meminisse</span> <span class='ocrx_word' id='word_1_299' title='bbox 1104 3165 1144 3225; x_wconf 88' lang='lat' dir='ltr'>de</span> <span class='ocrx_word' id='word_1_300' title='bbox 1167 3164 1220 3225; x_wconf 87' lang='lat' dir='ltr'>ali-</span> 
     </span>
     <span class='ocr_line' id='line_1_33' title="bbox 124 3250 1219 3340; baseline -0.003 -23"><span class='ocrx_word' id='word_1_301' title='bbox 124 3257 246 3340; x_wconf 84' lang='lat' dir='ltr'>quibus:</span> <span class='ocrx_word' id='word_1_302' title='bbox 268 3258 413 3317; x_wconf 88' lang='lat' dir='ltr'>sedidem</span> <span class='ocrx_word' id='word_1_303' title='bbox 432 3256 631 3317; x_wconf 82' lang='lat' dir='ltr'>necessarium</span> <span class='ocrx_word' id='word_1_304' title='bbox 651 3267 761 3326; x_wconf 86' lang='lat' dir='ltr'>tamen,</span> <span class='ocrx_word' id='word_1_305' title='bbox 784 3250 850 3314; x_wconf 89' lang='lat' dir='ltr'>illos</span> <span class='ocrx_word' id='word_1_306' title='bbox 864 3264 934 3312; x_wconf 88' lang='lat' dir='ltr'>c&#39;um</span> <span class='ocrx_word' id='word_1_307' title='bbox 954 3255 1017 3313; x_wconf 88' lang='lat' dir='ltr'>istis</span> <span class='ocrx_word' id='word_1_308' title='bbox 1041 3272 1219 3333; x_wconf 83' lang='lat' dir='ltr'>comparare.</span> 
     </span>
     <span class='ocr_line' id='line_1_34' title="bbox 98 3341 1219 3427; baseline -0.004 -16"><span class='ocrx_word' id='word_1_309' title='bbox 98 3361 100 3364; x_wconf 83' lang='lat'>&#39;</span> <span class='ocrx_word' id='word_1_310' title='bbox 123 3344 185 3411; x_wconf 78' lang='lat' dir='ltr'>Eos</span> <span class='ocrx_word' id='word_1_311' title='bbox 197 3342 296 3409; x_wconf 82' lang='lat' dir='ltr'>autem</span> <span class='ocrx_word' id='word_1_312' title='bbox 307 3342 360 3427; x_wconf 78' lang='lat' dir='ltr'>&#39;qui</span> <span class='ocrx_word' id='word_1_313' title='bbox 381 3341 451 3407; x_wconf 74' lang='lat' dir='ltr'>aute</span> <span class='ocrx_word' id='word_1_314' title='bbox 461 3358 616 3427; x_wconf 79' lang='lat' dir='ltr'>praetorem</span> <span class='ocrx_word' id='word_1_315' title='bbox 640 3346 793 3407; x_wconf 80' lang='lat' dir='ltr'>Euclidem</span> <span class='ocrx_word' id='word_1_316' title='bbox 815 3346 950 3416; x_wconf 68' lang='lat' dir='ltr'>luerunt’</span> <span class='ocrx_word' id='word_1_317' title='bbox 965 3345 1079 3417; x_wconf 88' lang='lat' dir='ltr'>omitto,</span> <span class='ocrx_word' id='word_1_318' title='bbox 1104 3356 1143 3423; x_wconf 84' lang='lat' dir='ltr'>et</span> <span class='ocrx_word' id='word_1_319' title='bbox 1153 3345 1219 3407; x_wconf 87' lang='lat' dir='ltr'>illos</span> 
     </span>
     <span class='ocr_line' id='line_1_35' title="bbox 116 3434 1218 3519; baseline -0.005 -16"><span class='ocrx_word' id='word_1_320' title='bbox 116 3444 241 3503; x_wconf 74' lang='lat' dir='ltr'>‘omuino</span> <span class='ocrx_word' id='word_1_321' title='bbox 254 3442 386 3501; x_wconf 84' lang='lat' dir='ltr'>ueteres.&#39;</span> <span class='ocrx_word' id='word_1_322' title='bbox 403 3434 739 3517; x_wconf 75' lang='lat' dir='ltr'>‘Quiquunquarn&#39;suis</span> <span class='ocrx_word' id='word_1_323' title='bbox 760 3434 867 3519; x_wconf 74' lang='lat' dir='ltr'>quique</span> <span class='ocrx_word' id='word_1_324' title='bbox 888 3435 1075 3516; x_wconf 83' lang='lat' dir='ltr'>temporibus,</span> <span class='ocrx_word' id='word_1_325' title='bbox 1097 3439 1218 3517; x_wconf 84' lang='lat' dir='ltr'>praecla-</span> 
     </span>
    </p>
   </div>
   <div class='ocr_carea' id='block_1_9' title="bbox 121 3528 1325 3611">
    <p class='ocr_par' dir='ltr' id='par_1_9' title="bbox 121 3528 1325 3611">
     <span class='ocr_line' id='line_1_36' title="bbox 121 3528 1325 3611; baseline -0.002 -17"><span class='ocrx_word' id='word_1_326' title='bbox 121 3535 234 3595; x_wconf 86' lang='lat' dir='ltr'>rissime</span> <span class='ocrx_word' id='word_1_327' title='bbox 255 3547 320 3591; x_wconf 88' lang='lat' dir='ltr'>sese</span> <span class='ocrx_word' id='word_1_328' title='bbox 334 3531 465 3611; x_wconf 80' lang='lat' dir='ltr'>gessisse</span> <span class='ocrx_word' id='word_1_329' title='bbox 478 3539 616 3591; x_wconf 85' lang='lat' dir='ltr'>anteacta</span> <span class='ocrx_word' id='word_1_330' title='bbox 627 3539 716 3589; x_wconf 79' lang='lat' dir='ltr'>oemts</span> <span class='ocrx_word' id='word_1_331' title='bbox 729 3528 904 3598; x_wconf 86' lang='lat' dir='ltr'>uiderentur,</span> <span class='ocrx_word' id='word_1_332' title='bbox 919 3536 1015 3587; x_wconf 83' lang='lat' dir='ltr'>tamen</span> <span class='ocrx_word' id='word_1_333' title='bbox 1031 3529 1068 3589; x_wconf 91' lang='lat' dir='ltr'>ob</span> <span class='ocrx_word' id='word_1_334' title='bbox 1088 3530 1219 3591; x_wconf 88' lang='lat' dir='ltr'>admissa</span> <span class='ocrx_word' id='word_1_335' title='bbox 1321 3580 1325 3591; x_wconf 93' lang='lat'>.</span> 
     </span>
    </p>
   </div>
   <div class='ocr_carea' id='block_1_10' title="bbox 111 3617 1263 4170">
    <p class='ocr_par' dir='ltr' id='par_1_10' title="bbox 111 3617 1263 4170">
     <span class='ocr_line' id='line_1_37' title="bbox 121 3617 1218 3701; baseline -0.005 -15"><span class='ocrx_word' id='word_1_336' title='bbox 121 3626 230 3686; x_wconf 72' lang='lat' dir='ltr'>duisme</span> <span class='ocrx_word' id='word_1_337' title='bbox 244 3624 375 3683; x_wconf 79' lang='lat' dir='ltr'>facinora</span> <span class='ocrx_word' id='word_1_338' title='bbox 386 3617 588 3683; x_wconf 80' lang='lat' dir='ltr'>vehementem</span> <span class='ocrx_word' id='word_1_339' title='bbox 601 3621 703 3701; x_wconf 85' lang='lat' dir='ltr'>populi</span> <span class='ocrx_word' id='word_1_340' title='bbox 715 3618 894 3681; x_wconf 80' lang='lat' dir='ltr'>iracundiam</span> <span class='ocrx_word' id='word_1_341' title='bbox 908 3618 979 3679; x_wconf 86' lang='lat' dir='ltr'>&#39;sunt</span> <span class='ocrx_word' id='word_1_342' title='bbox 992 3620 1115 3699; x_wconf 87' lang='lat' dir='ltr'>experti.</span> <span class='ocrx_word' id='word_1_343' title='bbox 1150 3622 1218 3681; x_wconf 90' lang='lat' dir='ltr'>Non</span> 
     </span>
     <span class='ocr_line' id='line_1_38' title="bbox 121 3710 1217 3793; baseline -0.005 -16"><span class='ocrx_word' id='word_1_344' title='bbox 121 3718 199 3777; x_wconf 89' lang='lat' dir='ltr'>enim</span> <span class='ocrx_word' id='word_1_345' title='bbox 213 3734 264 3776; x_wconf 87' lang='lat' dir='ltr'>eos</span> <span class='ocrx_word' id='word_1_346' title='bbox 281 3715 385 3773; x_wconf 80' lang='lat' dir='ltr'>civitas</span> <span class='ocrx_word' id='word_1_347' title='bbox 397 3715 436 3774; x_wconf 85' lang='lat' dir='ltr'>ad</span> <span class='ocrx_word' id='word_1_348' title='bbox 450 3710 565 3793; x_wconf 84' lang='lat' dir='ltr'>tempus</span> <span class='ocrx_word' id='word_1_349' title='bbox 578 3714 724 3773; x_wconf 80' lang='lat' dir='ltr'>duntaxat</span> <span class='ocrx_word' id='word_1_350' title='bbox 741 3721 875 3791; x_wconf 87' lang='lat' dir='ltr'>oportere</span> <span class='ocrx_word' id='word_1_351' title='bbox 891 3710 987 3789; x_wconf 76' lang='lat' dir='ltr'>justos</span> <span class='ocrx_word' id='word_1_352' title='bbox 1000 3714 1063 3771; x_wconf 79' lang='lat' dir='ltr'>esee</span> <span class='ocrx_word' id='word_1_353' title='bbox 1083 3710 1217 3790; x_wconf 85' lang='lat' dir='ltr'>putabat,</span> 
     </span>
     <span class='ocr_line' id='line_1_39' title="bbox 123 3802 1217 3890; baseline -0.005 -21"><span class='ocrx_word' id='word_1_354' title='bbox 123 3819 194 3890; x_wconf 86' lang='lat' dir='ltr'>post</span> <span class='ocrx_word' id='word_1_355' title='bbox 220 3826 290 3868; x_wconf 84' lang='lat' dir='ltr'>vero</span> <span class='ocrx_word' id='word_1_356' title='bbox 311 3802 513 3885; x_wconf 81' lang='lat' dir='ltr'>peculatores:</span> <span class='ocrx_word' id='word_1_357' title='bbox 540 3804 646 3865; x_wconf 88' lang='lat' dir='ltr'>sedin</span> <span class='ocrx_word' id='word_1_358' title='bbox 673 3802 904 3865; x_wconf 84' lang='lat' dir='ltr'>administranda</span> <span class='ocrx_word' id='word_1_359' title='bbox 925 3802 1074 3884; x_wconf 86' lang='lat' dir='ltr'>republica</span> <span class='ocrx_word' id='word_1_360' title='bbox 1096 3804 1217 3880; x_wconf 83' lang='lat' dir='ltr'>justitiae</span> 
     </span>
     <span class='ocr_line' id='line_1_40' title="bbox 121 3895 1263 3983; baseline -0.012 -22"><span class='ocrx_word' id='word_1_361' title='bbox 121 3912 266 3983; x_wconf 88' lang='lat' dir='ltr'>perpetuo</span> <span class='ocrx_word' id='word_1_362' title='bbox 277 3902 479 3959; x_wconf 71' lang='lat' dir='ltr'>obmruauoes.</span> <span class='ocrx_word' id='word_1_363' title='bbox 501 3896 579 3957; x_wconf 81' lang='lat' dir='ltr'>Naro</span> <span class='ocrx_word' id='word_1_364' title='bbox 593 3896 722 3976; x_wconf 82' lang='lat' dir='ltr'>alioquin</span> <span class='ocrx_word' id='word_1_365' title='bbox 732 3896 796 3976; x_wconf 79' lang='lat' dir='ltr'>ejus</span> <span class='ocrx_word' id='word_1_366' title='bbox 811 3895 925 3974; x_wconf 87' lang='lat' dir='ltr'>generis</span> <span class='ocrx_word' id='word_1_367' title='bbox 938 3896 1026 3953; x_wconf 89' lang='lat' dir='ltr'>horno</span> <span class='ocrx_word' id='word_1_368' title='bbox 1038 3912 1096 3951; x_wconf 89' lang='lat' dir='ltr'>nou</span> <span class='ocrx_word' id='word_1_369' title='bbox 1112 3904 1218 3954; x_wconf 85' lang='lat' dir='ltr'>natura</span> <span class='ocrx_word' id='word_1_370' title='bbox 1262 3936 1263 3947; x_wconf 67' lang='grc'>,</span> 
     </span>
     <span class='ocr_line' id='line_1_41' title="bbox 114 3980 1217 4076; baseline -0.01 -22"><span class='ocrx_word' id='word_1_371' title='bbox 114 3996 231 4076; x_wconf 88' lang='lat' dir='ltr'>probus</span> <span class='ocrx_word' id='word_1_372' title='bbox 244 3986 401 4064; x_wconf 80' lang='lat' dir='ltr'>exstitisse,</span> <span class='ocrx_word' id='word_1_373' title='bbox 418 3991 472 4051; x_wconf 87' lang='lat' dir='ltr'>sed</span> <span class='ocrx_word' id='word_1_374' title='bbox 492 3984 633 4050; x_wconf 81' lang='lat' dir='ltr'>inuidioae</span> <span class='ocrx_word' id='word_1_375' title='bbox 650 3989 682 4047; x_wconf 89' lang='lat' dir='ltr'>id</span> <span class='ocrx_word' id='word_1_376' title='bbox 700 3990 796 4068; x_wconf 83' lang='lat' dir='ltr'>egisse</span> <span class='ocrx_word' id='word_1_377' title='bbox 814 3987 977 4056; x_wconf 83' lang='lat' dir='ltr'>uidebatur,</span> <span class='ocrx_word' id='word_1_378' title='bbox 995 3994 1028 4041; x_wconf 91' lang='lat' dir='ltr'>ut</span> <span class='ocrx_word' id='word_1_379' title='bbox 1048 3980 1140 4065; x_wconf 74' lang='lat' dir='ltr'>fidem</span> <span class='ocrx_word' id='word_1_380' title='bbox 1162 3984 1217 4045; x_wconf 89' lang='lat' dir='ltr'>sibi</span> 
     </span>
     <span class='ocr_line' id='line_1_42' title="bbox 111 4072 1218 4170; baseline -0.012 -24"><span class='ocrx_word' id='word_1_381' title='bbox 111 4087 320 4167; x_wconf 75' lang='lat' dir='ltr'>praestrueret,</span> <span class='ocrx_word' id='word_1_382' title='bbox 333 4101 393 4163; x_wconf 88' lang='lat' dir='ltr'>quo</span> <span class='ocrx_word' id='word_1_383' title='bbox 406 4081 509 4170; x_wconf 83' lang='lat' dir='ltr'>postea</span> <span class='ocrx_word' id='word_1_384' title='bbox 521 4079 630 4161; x_wconf 80' lang='lat' dir='ltr'>majore</span> <span class='ocrx_word' id='word_1_385' title='bbox 642 4080 726 4141; x_wconf 82' lang='lat' dir='ltr'>lucto</span> <span class='ocrx_word' id='word_1_386' title='bbox 743 4080 859 4157; x_wconf 87' lang='lat' dir='ltr'>iniquus</span> <span class='ocrx_word' id='word_1_387' title='bbox 873 4085 961 4135; x_wconf 88' lang='lat' dir='ltr'>osset</span> <span class='ocrx_word' id='word_1_388' title='bbox 981 4072 1049 4133; x_wconf 73' lang='lat' dir='ltr'>aed</span> <span class='ocrx_word' id='word_1_389' title='bbox 1068 4086 1136 4152; x_wconf 87' lang='lat' dir='ltr'>post</span> <span class='ocrx_word' id='word_1_390' title='bbox 1156 4076 1218 4133; x_wconf 91' lang='lat' dir='ltr'>Eu-</span> 
     </span>
    </p>
   </div>
   <div class='ocr_carea' id='block_1_11' title="bbox 14 4161 1283 4257">
    <p class='ocr_par' dir='ltr' id='par_1_11' title="bbox 14 4161 1283 4257">
     <span class='ocr_line' id='line_1_43' title="bbox 14 4161 1283 4257; baseline -0.012 -17"><span class='ocrx_word' id='word_1_391' title='bbox 14 4161 19 4167; x_wconf 29' lang='lat'><em>*</em></span> <span class='ocrx_word' id='word_1_392' title='bbox 123 4174 230 4239; x_wconf 82' lang='lat' dir='ltr'>elidem</span> <span class='ocrx_word' id='word_1_393' title='bbox 241 4176 533 4257; x_wconf 58' lang='lat' dir='ltr'>prietatemjudioes,</span> <span class='ocrx_word' id='word_1_394' title='bbox 544 4174 669 4254; x_wconf 85' lang='lat' dir='ltr'>primum</span> <span class='ocrx_word' id='word_1_395' title='bbox 679 4166 892 4249; x_wconf 81' lang='lat' dir='ltr'>&#39;lbraeybulum</span> <span class='ocrx_word' id='word_1_396' title='bbox 901 4166 1100 4245; x_wconf 81' lang='lat' dir='ltr'>Colyttansem</span> <span class='ocrx_word' id='word_1_397' title='bbox 1114 4165 1222 4229; x_wconf 80' lang='lat' dir='ltr'>omnes</span> <span class='ocrx_word' id='word_1_398' title='bbox 1276 4216 1283 4225; x_wconf 76' lang='grc'>.</span> 
     </span>
    </p>
   </div>
   <div class='ocr_carea' id='block_1_12' title="bbox 123 4256 1217 4345">
    <p class='ocr_par' dir='ltr' id='par_1_12' title="bbox 123 4256 1217 4345">
     <span class='ocr_line' id='line_1_44' title="bbox 123 4256 1217 4345; baseline -0.011 -14"><span class='ocrx_word' id='word_1_399' title='bbox 123 4269 293 4331; x_wconf 87' lang='lat' dir='ltr'>meministis</span> <span class='ocrx_word' id='word_1_400' title='bbox 302 4260 394 4327; x_wconf 81' lang='lat' dir='ltr'>¹bisin</span> <span class='ocrx_word' id='word_1_401' title='bbox 408 4269 527 4328; x_wconf 83' lang='lat' dir='ltr'>vincula</span> <span class='ocrx_word' id='word_1_402' title='bbox 539 4266 760 4345; x_wconf 83' lang='lat' dir='ltr'>conjectum,&#39;et</span> <span class='ocrx_word' id='word_1_403' title='bbox 774 4270 928 4337; x_wconf 90' lang='lat' dir='ltr'>utrumque</span> <span class='ocrx_word' id='word_1_404' title='bbox 942 4257 971 4315; x_wconf 92' lang='lat' dir='ltr'>id</span> <span class='ocrx_word' id='word_1_405' title='bbox 981 4256 1125 4335; x_wconf 89' lang='lat' dir='ltr'>judicium</span> <span class='ocrx_word' id='word_1_406' title='bbox 1138 4260 1217 4339; x_wconf 88' lang='lat' dir='ltr'>apud</span> 
     </span>
    </p>
   </div>
   <div class='ocr_carea' id='block_1_13' title="bbox 125 4348 1217 4457">
    <p class='ocr_par' dir='ltr' id='par_1_13' title="bbox 125 4348 1217 4457">
     <span class='ocr_line' id='line_1_45' title="bbox 125 4348 1217 4457; baseline -0.006 -36"><span class='ocrx_word' id='word_1_407' title='bbox 125 4360 266 4441; x_wconf 78' lang='lat' dir='ltr'>papulum</span> <span class='ocrx_word' id='word_1_408' title='bbox 280 4377 347 4419; x_wconf 85' lang='lat' dir='ltr'>esse</span> <span class='ocrx_word' id='word_1_409' title='bbox 362 4361 484 4420; x_wconf 84' lang='lat' dir='ltr'>lactum.</span> <span class='ocrx_word' id='word_1_410' title='bbox 507 4361 683 4439; x_wconf 78' lang='lat' dir='ltr'>Quanquam</span> <span class='ocrx_word' id='word_1_411' title='bbox 696 4356 721 4416; x_wconf 84' lang='lat' dir='ltr'>ir</span> <span class='ocrx_word' id='word_1_412' title='bbox 732 4359 851 4415; x_wconf 84' lang='lat' dir='ltr'>et&#39;unus</span> <span class='ocrx_word' id='word_1_413' title='bbox 865 4368 882 4411; x_wconf 88' lang='lat' dir='ltr'>e</span> <span class='ocrx_word' id='word_1_414' title='bbox 896 4348 1008 4410; x_wconf 76' lang='lat' dir='ltr'>i&#39;iraeeo</span> <span class='ocrx_word' id='word_1_415' title='bbox 1020 4359 1051 4411; x_wconf 92' lang='lat' dir='ltr'>et</span> <span class='ocrx_word' id='word_1_416' title='bbox 1064 4350 1168 4457; x_wconf 74' lang='lat' dir='ltr'>Pliyle,</span> <span class='ocrx_word' id='word_1_417' title='bbox 1181 4370 1217 4414; x_wconf 80' lang='lat' dir='ltr'>ac</span> 
     </span>
    </p>
   </div>
   <div class='ocr_carea' id='block_1_14' title="bbox 0 0 1472 5000">
    <p class='ocr_par' dir='ltr' id='par_1_14' title="bbox 0 0 1472 5000">
     <span class='ocr_line' id='line_1_46' title="bbox 0 0 1472 5000; baseline 0 1"><span class='ocrx_word' id='word_1_418' title='bbox 0 0 1472 5000; x_wconf 95' lang='lat' dir='ltr'> </span> 
     </span>
    </p>
   </div>
  </div>
 </body>
</html>
