2934 5000
374 322 550 412 course
570 326 926 403 sermocinatus
1130 324 1191 439 aas

96 488 145 548 rel
165 478 203 549 ab
221 474 283 562 dih,
296 488 379 550 rel'a
396 492 479 553 robis
499 480 632 553 'sltlides
653 494 832 557 adhibenda.
861 492 1064 567 Considerate,
1077 501 1192 573 quareo,

96 591 208 657 quante
233 580 370 659 equitate
395 582 513 663 singula
533 584 708 664 examinem,
730 591 913 665 quantasque
938 604 1045 647 mures
1066 586 1192 646 habeisd

96 670 206 731 timoris
220 674 285 732 mei.

119 766 189 823 ·.³3
213 764 279 843 Ego
292 765 404 845 reperio
425 766 523 847 Cotyn
545 768 698 846 Iphicratis
714 771 807 831 fuisse
825 788 969 842 socerum,
982 767 1087 829 eodern
1103 766 1195 827 modo
1233 780 1236 785 “

97 874 156 933 quo
174 865 221 914 est
233 854 440 935 Cersdbleptes
461 854 640 929 ῦιιιιιιιὲιιιις
655 870 744 938 atque
755 861 844 920 etiam
856 864 981 936 majores
999 860 1089 939 longe
1102 877 1150 918 res
1163 866 1195 918 et
1273 882 1284 898 ι

8 958 20 979 ‘
97 944 251 1006 illustriore
271 948 367 1025 gratia
382 946 570 1025 excipiendas
583 968 638 1027 pro
653 950 750 1030 Cotye
764 951 892 1029 gessisse·
909 950 1084 1030 lphicratem
1098 949 1195 1020 video,

97 1054 185 1115 quarn
197 1054 252 1114 pro
272 1036 463 1115 Cersoblepte
477 1036 695 1099 Charidemum.
729 1040 780 1099 Sic
793 1049 892 1100 autern
902 1060 965 1101 rem
982 1040 1195 1121 expendamus.

99 1126 189 1185 Scitis
202 1127 259 1187 hoc
272 1128 383 1205 utique,
398 1128 606 1201 Athenienses,
619 1149 787 1209 quanquam
802 1131 960 1210 Iphicrates
973 1142 1122 1191 stoream
1135 1140 1196 1190 sta-

97 1228 190 1287 tuam,
203 1227 235 1277 et
252 1218 360 1277 vietum
378 1219 409 1277 in
432 1218 579 1299 Prytaneo
598 1230 628 1280 et
647 1222 776 1301 praemia,
800 1229 834 1280 'et
850 1220 976 1281 bonores
998 1222 1071 1281 alios
1090 1214 1196 1300 quibus

89 1312 204 1371 beatus
216 1310 265 1369 ille
284 1310 351 1381 fuit,
366 1311 551 1383 obtinuisset,
565 1322 662 1371 tamen
681 1313 720 1372 ad
740 1313 833 1387 tuenti
835 1332 885 1371 rnr
907 1313 1017 1391 Cotyos
1034 1312 1197 1391 imperium·

97 1402 179 1462 hello
196 1400 293 1461 navali
306 1420 372 1461 enm
387 1404 491 1463 vestris
505 1402 662 1463 decernere
675 1403 802 1463 ducibus
815 1422 874 1463 non
887 1402 1038 1463 dubitasse
1040 1402 1197 1481 ,illiusque

100 1492 226 1553 salutern
239 1489 331 1571 pluris
350 1492 465 1565 fecisse,
481 1512 575 1571 quarn
597 1486 724 1555 honores
746 1494 883 1555 arabis,
888 1481 1025 1554 tributos
1058 1493 1147 1559 Quod
1166 1493 1198 1551 ιιι

99 1582 194 1661 major
205 1593 303 1643 vestra
315 1582 463 1643 fuissetis
479 1584 632 1645 iracundia
644 1585 810 1646 cohibenda
826 1575 999 1657 madentis,
1016 1602 1104 1663 quam
1121 1582 1199 1643 ιιιιιιιι

99 1674 258 1746 temeritas,
271 1673 343 1733 nihil
361 1674 533 1747 obstitisset,
553 1695 614 1755 qnu
627 1676 723 1736 minus
737 1679 867 1737 omnium
880 1676 1045 1737 mortalium
1058 1674 1163 1735 fieret
1153 1682 1199 1733 rn·'

71 1825 75 1831 ,
99 1764 294 1825 felicissimus.
323 1767 433 1827 Tamen
452 1760 545 1847 Oo'tys
563 1778 625 1827 tum
644 1760 681 1827 ab
696 1767 747 1827 ιιιο
762 1774 963 1841 conservatus,
977 1767 1084 1845 atejus
1099 1763 1199 1826 amici-

100 1856 172 1916 tiar'n
181 1854 276 1937 reipsa
283 1868 430 1937 expertus,
443 1869 600 1938 postquam
610 1870 692 1920 extra
702 1878 789 1921 omne
798 1860 959 1940 pericnlum
972 1880 1005 1919 se
1015 1860 1144 1940 positum
1153 1877 1201 1917 ar·
1283 1876 1298 1882 ·

99 1948 272 2020 intrabatur,
280 1968 341 2008 non
349 1949 438 2009 modo
447 1949 552 2011 referre
561 1949 602 2009 illi
615 1951 738 2030 gratiam
751 1972 812 2012 non
823 1952 947 2026 studuit,
955 1952 1097 2013 nec'iliins
1108 1958 1202 2011 causa
1244 1944 1258 1963 ’“

100 2038 132 2098 ιιι
145 2059 199 2119 ros
216 2040 470 2129 ullauhumanitate
483 2060 557 2101 usus
571 2052 628 2115 est,
648 2054 682 2103 ut
694 2045 808 2105 veniam
823 2064 932 2131 genero
947 2033 1126 2124 impetraret,
1146 2039 1200 2103 sed
1260 2110 1265 2130 ι

102 2140 207 2191 eontra
226 2132 319 2209 magis
341 2132 378 2190 ab
402 2148 438 2213 eo
455 2132 624 2211 postularit,
636 2143 671 2193 ut
691 2135 730 2194 ad
743 2135 852 2214 oppida
871 2136 1093 2214 vestrareliqua
1105 2154 1201 2214 oppu-

104 2220 224 2301 gnanda
243 2222 359 2303 adjutor
378 2232 467 2283 esset.
491 2224 580 2292 Quod
599 2244 667 2285 cum
685 2224 733 2285 ille
747 2216 1094 2299 recusassetsharhnrieis
1108 2226 1202 2305 copiis

104 2314 242 2393 acceptis,
262 2324 293 2373 et
305 2313 429 2373 collecto
444 2316 482 2376 ab
493 2308 544 2375 illo
558 2317 698 2387 exercitu,
711 2328 744 2378 et
762 2318 941 2379 Charidemo
952 2319 1010 2378 isto
1024 2316 1203 2381 mercenario

103 2406 278 2485 imperatore
287 2404 447 2476 conducto,
456 2416 556 2467 vestm
564 2406 672 2487 oppida
681 2408 795 2483 invasit,
809 2408 1025 2490 etIphicratem
1034 2408 1065 2466 ιιι
1074 2397 1202 2467 ea'sred·

102 2501 166 2579 egit
179 2498 342 2580 angurias,
358 2509 392 2559 ut
411 2490 567 2560 discedens
590 2501 627 2560 ab
641 2501 702 2574 illo',
716 2501 868 2563 Antissam
881 2501 1098 2581 primum,·rnox
1117 2499 1203 2580 Drya

103 2585 267 2654 habitatum
289 2609 321 2652 se
340 2589 502 2652 conferret:
523 2591 705 2667 exlsu'nrans,
722 2613 778 2654 nee
795 2593 900 2654 decere
922 2611 955 2652 se
972 2593 1077 2652 advos
1098 2590 1204 2662 redire,

103 2686 211 2766 quibus
232 2681 375 2744 Thracem
395 2683 608 2762 anteposuisset
629 2691 660 2744 et
680 2685 846 2756 barbarum,
864 2703 920 2744 neo
938 2683 1017 2763 apud
1038 2682 1119 2742 ilium
1138 2689 1204 2741 tnto

103 2791 326 2856 possernanere,
340 2793 425 2853 quem
440 2795 503 2836 suae
523 2775 624 2836 salutis
643 2777 686 2836 ita
705 2787 840 2836 cerneret
853 2794 920 2838 esse
938 2773 1146 2855 negligentem.
1172 2771 1206 2832 si
1334 2787 1341 2794 ·

104 2867 204 2946 igitur,
225 2865 434 2940 Athenienses,
448 2867 536 2927 etiam
549 2857 778 2948 ‘Cersobleptes,
793 2856 851 2928 ists
865 2867 1022 2928 securitate
1041 2884 1109 2943 que
1124 2863 1206 2925 Cha·

106 2957 218 3018 ridemo
230 2973 309 3018 nunc
322 2968 517 3038 comparamr,
531 2967 648 3030 auctus,
663 2968 693 3018 et
702 2959 796 3038 ipsum
806 2957 979 3036 neglexerit,
990 2965 1024 3016 et
1035 2965 1139 3017 eonua
1150 2970 1205 3015 ros

107 3048 294 3110 machinatus
306 3049 416 3128 aliquid
435 3050 612 3128 moliturque
628 3039 725 3125 luerit,
743 3068 815 3110 num
833 3051 905 3110 satis
921 3048 954 3108 id
970 3049 1055 3108 robis
1067 3048 1132 3121 erit,
1150 3047 1205 3108 de·

107 3149 195 3218 cepto
215 3139 402 3209 Charidemo,
419 3139 540 3200 Thracis
557 3149 660 3200 contra
672 3140 866 3220 vosmetipsos
885 3139 1207 3218 eonsumlimpooen·

107 3230 198 3290 tiam?
219 3229 364 3308 Equidem
387 3223 452 3292 non
466 3231 579 3311 o'pinor.
616 3231 731 3290 Etenim
753 3229 828 3289 rllud
849 3246 967 3310 aequum
989 3223 1055 3289 esse
1077 3239 1159 3308 puto,
1180 3231 1208 3289 si

107 3317 200 3382 aentit
212 3315 244 3380 et'
255 3319 397 3400 prospicit
408 3319 479 3381 talia
492 3321 694 3397 Charidemus,
708 3332 740 3382 et
753 3332 853 3383 minen
865 3319 974 3380 talibus
986 3320 1072 3398 potiri
1079 3319 1207 3380 decretis

106 3413 221 3486 studet,
230 3412 294 3492 ejus
308 3411 422 3472 insidiis
434 3422 469 3472 ut
479 3413 651 3474 resistetur.
673 3415 720 3474 sin
733 3411 814 3474 head
833 3409 1049 3483 animadvertit,
1062 3429 1123 3490 qno
1140 3413 1208 3491 quis

106 3519 177 3566 eum
188 3501 457 3566 benevolentiorem
468 3523 534 3566 esse
544 3495 637 3586 putet,
651 3523 688 3566 ao
701 3505 796 3583 magis
806 3513 839 3565 et
847 3523 910 3562 sure
920 3512 953 3563 et
962 3501 1038 3562 illius
1052 3503 1205 3565 securitati

106 3607 145 3657 ιιι
163 3595 328 3677 prospiciet
357 3595 435 3656 Nem
447 3615 525 3656 reris
538 3597 673 3657 amicitie
692 3613 800 3656 munus
813 3604 869 3668 est,
882 3594 929 3654 his
947 3593 1052 3673 quihus
1065 3595 1140 3655 bens
1153 3615 1208 3657 cu·

108 3685 185 3766 pias,
198 3705 257 3746 non
270 3686 309 3746 in
314 3686 348 3747 iis
367 3683 524 3765 ςιιιιιιιιι
538 3689 634 3761 rebus,
648 3707 714 3768 quse
729 3687 783 3748 et'
774 3705 805 3747 ιιι
822 3694 906 3746 tuum
925 3695 957 3745 et
968 3683 1083 3745 illorum
1102 3685 1209 3748 cedere

110 3779 334 3839 detrimentum
344 3777 468 3857 possint,
490 3777 520 3838 in
548 3778 593 3838 his
617 3779 748 3866 quidem,
774 3795 842 3858 quse
867 3777 1005 3856 utrisque
1021 3778 1209 3838 commodare

108 3880 229 3950 queant,
239 3863 393 3949 adjutandi
401 3879 480 3948 sunt,
490 3889 558 3951 quar
571 3851 666 3931 riutem
680 3871 744 3950 ipse
755 3870 860 3932 melius
869 3871 921 3931 ιιιο
930 3868 1092 3950 provideas,
1106 3887 1147 3927 es·
1154 3867 1209 3928 rite

111 3963 305 4036 administres,
319 3983 413 4042 neque
423 3964 576 4042 praesentis
587 3963 716 4043 obsequar
726 3962 911 4025 dnlcedinem
920 3961 1011 4021 totius
1023 3960 1125 4038 reliqui
1133 3967 1209 4019 tem

110 4055 190 4135 poris
203 4055 321 4115 utilitati
331 4064 501 4135 antepones.
523 4055 630 4136 lisque
644 4055 715 4117 illud
730 4056 817 4116 etiam
827 4053 969 4134 cogitanti
980 4051 1210 4130 mihiprobabils

110 4148 235 4219 videtur,
226 4147 485 4253 Csrsobleptem,
499 4165 565 4209 eum
584 4157 614 4208 et
626 4149 766 4207 barbarus
784 4147 833 4218 sit,
847 4155 880 4208 et
889 4143 1027 4224 perfidus
1039 4153 1209 4202 curaturum
1245 4162 1255 4194 ··

111 4249 211 4298 tamen
225 4225 262 4298 he
276 4238 364 4299 tantis
377 4239 507 4299 afficiat'
498 4239 608 4320 injuriis
627 4238 842 4298 Charidemum·
877 4234 956 4300 llam
968 4233 1071 4292 rursus
1082 4252 1151 4293 curn
1163 4233 1211 4294 in'-

112 4330 208 4481 pppirp,
200 4332 337 4409 q,uantis
351 4331 434 4390 honis
445 4331 618 4410 Iphicratenr
633 4329 726 4408 Cotys
737 4328 924 4410 spoliatums',
935 4324 1006 4384 nihil
1019 4342 1056 4386 ea
1068 4342 1100 4384 ra
1110 4334 1210 4387 motus

71 4475 74 4482 ι
136 4421 201 4520 ιιιιιι
214 4421 439 4534 peuptus,istrim
450 4423 550 4502 utique
563 4420 736 4484 crediderim
754 4418 973 4498 susquedeque
987 4416 1115 4479 laturum
1132 4435 1211 4493 esse,
