2934 5000
498 331 502 343 ·
528 313 584 374 ιιι
605 282 793 376 cohors.
1149 301 1208 373 ιιι

110 465 228 528 collata
240 467 346 528 laudes
359 477 452 542 eraut,
473 487 492 527 a
510 469 593 528 vohis
614 487 683 529 sero
701 466 846 528 mcrilicia
859 475 890 526 et
909 463 1138 545 supplicationes
1151 465 1209 526 diis

114 560 286 636 agebantur.
327 561 423 638 Atque
436 579 494 640 ego
504 557 630 620 libenter
644 577 716 620 sane
728 560 767 618 ab
781 545 920 617 AEs'chine
933 555 1118 636 quaesierim:
1140 575 1208 618 cum
1288 607 1291 614 ι

112 650 143 708 iu
152 649 198 707 his
211 650 398 710 versaremini
409 661 440 711 et
452 651 569 712 honoris
582 652 750 730 letitiaeque
764 659 795 708 et
806 648 928 710 landum
945 647 1033 728 plena
1045 659 1127 710 esset
1136 650 1209 719 civi·

111 747 166 811 tas,
180 749 278 800 utrum
296 741 359 822 ipre
379 762 438 802 une
452 761 519 803 cum
532 742 642 822 populo
657 741 828 802 sacrificarit
842 751 873 801 et
890 742 1008 800 letatus
1023 740 1071 811 sit,
1085 760 1123 800 an
1135 760 1207 800 mos·

96 848 179 890 *rens
194 849 229 891 ac
242 851 363 910 gemens
377 843 407 898 et
418 832 509 892 livore
521 834 673 893 coniectus
687 835 725 892 cb
742 851 926 893 communem
943 831 1115 894 felicitatem
1129 833 1208 893 domi

108 923 294 1004 consederit?
336 923 414 983 Nam
427 924 452 983 si
464 924 566 988 aderat
578 933 611 983 et
621 925 697 984 inter
711 923 830 986 stateres
845 936 1050 986 annumeratus
1063 935 1117 998 est,
1133 945 1207 986 non·

107 1031 146 1071 ne
166 1013 276 1092 inique,
292 1014 432 1076 imovero
452 1034 550 1074 nonna
563 1013 652 1092 impie
664 1014 745 1088 lacit,
759 1015 810 1092 qui
822 1017 944 1092 quaruui
957 1033 1053 1074 rerum
1067 1025 1207 1094 tanquam

107 1105 282 1181 optimarum
305 1105 368 1183 ipse
389 1107 460 1166 deos
480 1115 571 1165 testes
595 1104 769 1174 adhibuerit,
784 1104 904 1164 easdem
917 1123 997 1164 nuno
1016 1115 1051 1164 ut
1070 1099 1207 1184 indissnas

103 1193 256 1267 judicetis,
269 1197 401 1278 postulet
414 1217 433 1257 a
444 1197 534 1257 robis
541 1197 592 1276 qui
610 1215 664 1275 per
677 1195 750 1255 deos
759 1195 850 1275 jurati
864 1193 958 1253 estisl
999 1195 1051 1254 Sin
1064 1215 1131 1256 vero
1146 1216 1206 1256 uon

106 1284 221 1358 aderat,
235 1305 335 1345 annon
347 1289 452 1348 millies
462 1288 488 1347 is
501 1288 595 1366 perire
607 1287 728 1346 meritus
746 1295 803 1360 est,
811 1286 836 1344 si
848 1285 955 1362 quibus
969 1283 1100 1344 laetitiam
1114 1288 1206 1346 susci-

12 1384 16 1389 ·
106 1374 232 1452 plebant
254 1377 315 1448 alii,
334 1377 370 1436 iis
390 1379 544 1455 ipocrisis
564 1374 814 1438 contristabatur?
855 1375 962 1436 Recita
983 1375 1071 1452 igitur
1091 1387 1122 1436 et
1134 1377 1206 1436 ‘hssc

108 1465 184 1522 mihi
197 1465 326 1525 decreta.

380 1616 576 1693 nuceam
596 1621 655 1682 DE
676 1622 941 1686 sacR1F1clls

150 1711 199 1816 64
220 1757 299 1836 Ergo
312 1775 367 1816 uos
381 1759 521 1837 quidem
512 1780 543 1818 ιιι
557 1760 704 1820 sacrificiis
716 1771 779 1818 turn
793 1777 908 1820 eramus
922 1757 1068 1836 occupati,
1075 1753 1207 1817 'lhebani

107 1858 206 1908 autem
219 1848 289 1908 inibi
302 1858 386 1908 eraut
397 1860 432 1908 ut
444 1866 510 1908 sese
523 1869 639 1928 pernes
653 1849 778 1909 salutem
793 1861 969 1930 consecutos
982 1867 1048 1908 esse
1057 1849 1204 1907 existima·

107 1946 289 2016 rentaeque
312 1957 358 1998 res
381 1939 506 2000 redierat
526 1939 678 2017 atquibus
693 1949 812 2018 propter
825 1940 947 1998 istorum
960 1939 1092 1998 facinora
1105 1933 1205 1998 aurilii

106 2047 182 2106 opus
195 2027 258 2086 fore
270 2027 462 2100 videbaturf
445 2049 464 2087 ιι
476 2031 529 2108 ipsu
520 2028 608 2087 aliis
623 2029 733 2090 ferrent
750 2029 888 2114 auxilium
911 2048 951 2088 ex
973 2029 1008 2088 iis
1030 2031 1116 2090 rebus
1131 2047 1205 2108 quas
1274 2085 1283 2106 ,

105 2136 156 2176 me
167 2126 284 2176 auctore
298 2109 478 2196 suscepistis.
519 2117 629 2184 Quales
643 2136 730 2196 porro
744 2105 815 2178 tuuc
835 2128 953 2196 propter
964 2119 1052 2178 hmc'
1044 2139 1206 2202 rpsavoces

105 2207 236 2271 mitteret
249 2205 402 2286 Philippus
415 2206 592 2286 atquibus
583 2225 614 2264 ru
633 2207 726 2266 turbis
743 2218 919 2280 versaretur,
933 2227 971 2267 ex
984 2208 1115 2288 epistolis
1128 2209 1206 2270 illius

105 2298 305 2382 cognoscetis,
319 2315 392 2378 quas
406 2298 434 2356 in
446 2297 683 2376 Peloponnesum
695 2296 784 2357 misit.
814 2299 879 2376 Age
892 2317 965 2378 cape
978 2297 1044 2358 illas
1056 2317 1091 2357 ac
1104 2299 1207 2380 recita,

105 2397 143 2448 ut
155 2388 335 2468 intelligatis,
350 2408 447 2450 meam
461 2389 662 2448 assiduitatem
677 2397 707 2447 et
720 2387 872 2450 discursus
886 2397 916 2449 et
927 2405 1072 2450 aerumnas
1086 2398 1117 2448 et
1127 2408 1208 2472 com-

104 2479 193 2561 plura
206 2479 336 2555 decreta,
350 2501 417 2560 que
430 2479 488 2541 iste
500 2481 589 2542 modo
603 2479 757 2540 calumniis
778 2477 931 2569 proscidit,
944 2479 1124 2559 aliquantum
1139 2461 1208 2561 ιιιο-1

105 2572 224 2631 secisse.
267 2572 422 2633 Enimvero
443 2572 528 2634 multi
551 2570 632 2652 apud
645 2590 707 2647 ros,
719 2562 931 2647 Athenienses,
943 2572 1118 2632 exstiterunt
1141 2590 1207 2631 ora·

105 2670 187 2721 tores
201 2662 271 2721 clari
284 2672 372 2741 atque
385 2664 485 2742 magui
506 2672 575 2723 aute
589 2682 646 2734 me,
661 2661 849 2752 Callistratus
864 2663 922 2737 ille,
938 2661 1132 2743 Aristophon,
1149 2660 1207 2720 Ca·

102 2752 221 2833 phalus,
234 2752 444 2835 Thrasybulus,
458 2754 507 2813 alii
520 2754 656 2839 plurimi.
677 2745 779 2811 verum
794 2766 893 2811 tamen
918 2772 1004 2810 nemo
1025 2772 1064 2812 ex
1082 2752 1128 2811 his
1152 2770 1206 2813 un·

103 2864 194 2927 quam
206 2863 239 2903 se
252 2854 345 2903 totum
358 2844 442 2901 nlla*
435 2862 466 2901 ιιι
486 2862 517 2901 re
537 2830 659 2899 tradidit
672 2840 848 2917 reipublicae,
863 2840 956 2900 scd
933 2862 957 2904 ιι
972 2840 1038 2919 quis
1054 2842 1205 2902 decretum

103 2938 254 3007 scriberet,
267 2956 328 2995 uon
341 2934 414 2993 cbrrt
425 2932 613 3012 legationem
637 2931 662 2990 si
683 2930 860 3008 legationem
881 2933 984 3002 obiret,
1008 2952 1067 2993 nou
1090 2934 1207 3013 scripsit

104 3030 268 3089 decretum.
309 3024 441 3102 Reliquit
466 3025 545 3084 euim
572 3023 627 3083 sihi
649 3022 773 3101 quisque
795 3022 881 3083 simul
900 3024 1057 3083 laxamenti
1085 3023 1206 3103 aliquid,¹

104 3117 194 3178 simui
209 3117 235 3175 si
248 3114 320 3193 quid
333 3112 482 3174 accideret
494 3123 655 3193 receptum.
696 3113 800 3178 Quid
832 3112 951 3193 ergo?
986 3112 1066 3173 dicat
1086 3114 1203 3193 aliquis,

101 3218 201 3268 tune
228 3204 326 3265 adeo
356 3204 505 3263 robore
539 3212 583 3262 et
608 3202 785 3263 audacia
813 3212 988 3283 prestas
1020 3202 1131 3275 aliis,
1161 3214 1204 3263 ut

103 3294 246 3359 omnia
276 3296 366 3375 ipse
391 3292 607 3355 conficias?
647 3292 1048 3362 Nondicohoc,verumite
1064 3310 1203 3371 magnum

102 3409 173 3451 esse
187 3387 258 3447 mihi
277 3402 492 3490 persuaseram
497 3384 657 3465 periculum
674 3382 755 3460 quod
774 3384 920 3443 invaserat
936 3380 1092 3456 civilatem,
1103 3393 1137 3443 ιιι
1149 3402 1200 3443 na·
1299 3416 1302 3431 ·

102 3502 162 3562 que
175 3469 290 3559 tempus
309 3495 407 3557 neque
427 3476 542 3557 copiam
563 3474 600 3535 de
616 3476 729 3555 privata
749 3476 844 3534 salute
862 3472 1057 3553 prospiciendi
1071 3472 1156 3537 dare.
1161 3476 1203 3535 ιι·

107 3574 235 3647 deretur,
258 3571 311 3631 sed
333 3570 475 3651 preclare
497 3566 653 3656 nobiscnm
680 3575 780 3626 actum
807 3564 840 3624 iri
868 3566 1057 3637 existimarem,
1085 3566 1109 3625 ιι
1136 3566 1201 3645 quis

104 3666 188 3725 nulla
208 3684 239 3725 re
261 3662 458 3767 pretermissa
480 3678 547 3739 ques
572 3677 647 3738 opus
676 3666 760 3717 erant
785 3656 945 3739 perliceret.
998 3656 1072 3717 Mihi
1104 3666 1201 3717 autem

104 3754 142 3815 de
168 3774 215 3815 me
241 3756 306 3835 ipso
329 3754 359 3811 iu
385 3754 515 3813 animum
541 3749 722 3822 induxeram,
750 3748 840 3810 stulte
864 3748 1004 3821 fortasse,
1024 3748 1077 3809 sed
1103 3760 1201 3809 tamen

102 3847 284 3919 induxeram,
298 3843 443 3908 nemiuem
462 3860 558 3921 neque
577 3841 627 3921 qui
648 3841 767 3907 decreta
781 3839 918 3901 scriberet
936 3840 1039 3900 melius
1052 3853 1139 3917 quarn
1152 3846 1201 3895 me

105 3938 198 3997 fuisse
222 3936 408 4016 scripturum,
429 3952 526 4012 neque
551 3932 600 4013 qni
623 3942 724 4012 ageret
745 3932 905 3991 commodius
931 3940 1074 3998 acturum,
1105 3944 1200 4003 neque

105 4047 155 4108 qur
146 4028 342 4107 legationem
361 4027 453 4087 obiret
473 4023 572 4085 studio
586 4032 637 4085 aut
649 4024 707 4083 fide
724 4028 833 4128 mnjore
852 4022 1027 4101 legationem
1043 4017 1201 4078 obiturum.

105 4116 152 4177 lie
164 4127 282 4197 propter
305 4116 462 4179 edomia
482 4136 530 4179 me
552 4116 671 4197 negotis
693 4114 815 4177 accinxi.
858 4110 990 4173 Recita
978 4126 1041 4191 Janr
1059 4105 1197 4187 epiitolas

108 4204 242 4288 ιιιιρρι
