2934 5000
362 299 533 363 nonnas
555 298 901 370 ιιιιιοιιιιοιιιιι
922 305 962 366 11.
1151 295 1213 368 ιιι·

108 458 245 529 repetere
258 452 417 527 volueritis,
434 456 597 521 unomodo
618 473 720 519 omnes
733 459 859 520 caedere
868 460 984 533 vestris
1000 458 1141 523 institutis
1157 482 1212 542 aps

100 543 238 618 ‘parebit
261 545 339 606 Nam
348 558 380 606 ιι
391 548 552 608 Aristidem
567 549 658 619 aiunt,
674 550 858 628 amajoribus
872 551 1045 630 relegatum,
1064 572 1211 632 eousque

108 630 142 692 in
156 635 263 712 AEgina
282 659 348 700 esse
371 651 528 713 versatum,
537 642 642 703 donec
662 661 729 700 eum
749 641 874 721 populus
897 656 1092 719 revocasset,
1093 657 1124 706 et
1138 647 1208 706 Mil-

110 724 221 788 tiadem
240 739 329 808 atque
340 731 484 792 Periclem
498 733 720 802 condemnatos,
734 735 815 795 hunc
828 735 957 813 triginta,
971 735 1053 798 illum
1066 739 1208 816 quinqua·

73 860 78 867 -
109 816 196 893 ginta
210 822 329 883 talentis
343 824 459 897 solutis,
478 823 519 882 ita
533 825 652 884 demum
664 845 824 886 conciones
841 826 987 889 habuisse.
1017 829 1126 898 Quid
1118 831 1207 909 igitur

108 909 175 975 fieri
185 925 287 989 posset
294 915 432 994 iniquius,
445 936 534 995 quam
548 918 573 976 si
586 915 622 987 is,
633 919 683 994 qui
696 918 811 977 utboni
823 919 988 991 iecitnihil,
1002 920 1043 980 ita
1055 922 1209 984 innumera

108 1003 226 1063 scelera
238 1006 412 1086 designavit,
432 1018 493 1068 tam
506 1008 652 1087 expedite,
665 1018 772 1087 praeter
787 1020 818 1068 et
837 1010 990 1084 utilitatem
1009 1022 1039 1071 et
1052 1014 1208 1092 justitiam,

108 1092 257 1157 licentiam
278 1101 392 1161 avobis
405 1101 607 1162 violandarum
625 1100 725 1179 legum
743 1110 824 1160 esset
846 1113 1041 1161 consecutus:
1062 1124 1152 1182 quum
1173 1108 1208 1169 ιιι
1287 1101 1291 1110 ’

108 1207 162 1264 qur
154 1187 270 1252 mtdta
277 1202 310 1252 et
328 1213 438 1298 magna
450 1196 480 1254 in
495 1213 547 1254 vos
565 1193 710 1260 beneficia
721 1193 920 1266 contulerunt,
937 1214 973 1254 ea
986 1204 1131 1272 potestas
1138 1197 1208 1258 data

104 1299 171 1343 non
184 1283 282 1358 tuerit,
295 1297 329 1346 ut
342 1288 384 1347 ιιι
398 1285 510 1366 aliquid
523 1296 627 1346 contra
638 1286 721 1372 leges
733 1285 812 1364 apud
825 1304 875 1345 vos
890 1297 1023 1408 receptas
1037 1307 1125 1366 agere
1135 1309 1207 1350 oon-

106 1372 285 1435 cedereturi

151 1467 180 1523 3
201 1465 241 1526 Ει
261 1469 340 1547 qnid
349 1470 388 1529 de
404 1471 543 1550 antiquis.
552 1471 650 1531 dicere
672 1470 798 1532 attinet?
820 1471 938 1530 Nostrae
958 1471 1052 1530 aetatis
1072 1470 1207 1544 homines

106 1556 305 1640 considerate,
319 1581 359 1622 en
370 1562 477 1640 aliquis
489 1581 617 1642 unquam
631 1563 671 1622 ita
684 1563 829 1625 exstiterit
841 1562 1008 1640 impudens.
1051 1563 1214 1642 Neminem

104 1651 310 1734 reperietiasi
330 1664 467 1714 accurate
486 1643 689 1734 quaesiveritis.
716 1655 785 1714 Huc
803 1654 1024 1730 illudaccedit,
1037 1656 1140 1734 siquis
1155 1657 1207 1725 de-¹

105 1750 285 1805 cretumaut
297 1747 488 1826 legemapud
500 1748 630 1808 servitos
643 1756 774 1818 accusat,
788 1765 855 1810 cum
869 1746 918 1806 lex
934 1757 993 1806 aut.
1005 1745 1157 1820 decretum,
1163 1751 1206 1818 ¹ir·

62 1843 79 1856 ‘
105 1833 198 1892 ritum
206 1846 264 1909 est,
286 1850 349 1917 tum
369 1838 522 1917 legislator
541 1840 688 1899 decretive
709 1848 811 1904 auctor
831 1838 901 1896 nibil
915 1839 1100 1917 impudenter
1119 1858 1206 1919 agere

102 1937 238 1999 oonamr,
247 1929 317 2006 nibil
328 1931 487 1992 violenter:
509 1930 564 1990 sed
573 1930 711 2008 quicquid
725 1948 778 1990 vos
789 1929 985 2004 decreveritis,
995 1939 1090 1990 ratum
1103 1931 1204 2006 habet,

102 2019 161 2078 etsi
173 2019 221 2078 vel
229 2020 405 2100 eloquentiae
415 2022 566 2087 latinitate,
576 2021 623 2080 vel
632 2039 728 2080 rerum
739 2022 1118 2098 gerendarumdexteritate
1129 2024 1205 2096 inter

102 2127 158 2168 vos
181 2111 317 2188 excellat.
352 2113 402 2177 An
413 2132 483 2171 vero
497 2111 657 2171 absurdum
672 2129 732 2170 non
746 2120 802 2182 ιιι,
816 2131 885 2171 cum
897 2131 933 2170 ea
949 2131 1017 2189 quse
1034 2133 1087 2187 ιιι
1102 2135 1203 2188 omnes

103 2201 134 2259 in
142 2197 297 2262 'conventu
310 2203 430 2281 publico
439 2223 479 2262 ex
493 2201 608 2281 legibus
621 2201 803 2273 decrevistis,
821 2203 881 2261 sint
893 2202 982 2274 irrita,
996 2203 1203 2283 Aristogitonis

102 2293 248 2354 voluntati
261 2295 293 2354 in
303 2294 442 2355 violando
447 2295 514 2374 jure
528 2293 683 2374 plusquam
696 2292 767 2372 ipsis
781 2291 893 2371 legibus
903 2293 990 2353 tribui
1002 2295 1205 2380 auctoritatis?
1280 2357 1282 2364 s
1335 2286 1341 2294 ’

103 2385 228 2461 Rursus,
242 2389 268 2446 ιι
280 2388 346 2465 quis
359 2387 503 2446 actionem
517 2382 699 2466 persecutus,
721 2385 853 2463 quintam
872 2384 1075 2468 suffragiorum
1090 2397 1203 2465 partem

103 2497 164 2539 non
178 2479 286 2553 tulerit,
299 2479 348 2541 sui
362 2479 405 2539 rei
415 2478 529 2557 legibus
542 2497 582 2553 ιιιΙ
591 2496 678 2557 poena
691 2476 812 2540 definita
824 2485 879 2557 est,
892 2496 929 2539 ne
949 2478 974 2537 is
990 2476 1026 2537 de
1040 2487 1139 2542 cetero
1154 2499 1204 2543 ae·

102 2582 197 2645 cnset,
209 2592 255 2631 ιιι
267 2573 467 2633 in'carceram
488 2571 628 2644 abducat,
648 2588 686 2629 ne
705 2568 827 2631 deierat.
861 2568 974 2629 Eodem
992 2570 1082 2630 modo
1100 2583 1203 2639 contra

101 2662 168 2724 letae
179 2683 267 2725 nemo
281 2665 432 2749 agendum,
443 2684 512 2725 esse
523 2673 610 2742 putat
622 2682 723 2721 eorum
734 2656 786 2739 qui
800 2661 927 2721 adhunc
938 2660 1058 2727 modum
1070 2665 1203 2727 mulctati
1314 2720 1323 2731 .

101 2764 192 2815 aunt:
209 2756 287 2835 apud
300 2756 397 2817 solum
411 2766 511 2815 autem
523 2754 750 2832 Aristogitonem
762 2772 800 2811 ex
815 2754 962 2825 omnibus,
979 2753 1090 2813 nullum
1105 2775 1201 2837 neque

95 2845 352 2927 iudicium,neqne
360 2849 408 2907 lex
416 2846 579 2927 pluebabet
586 2844 767 2905 auctoritatis
778 2844 895 2905 libidine
905 2844 1003 2931 ipsius.
1021 2846 1096 2914 Quae
1102 2850 1202 2911 omnia

101 2939 150 2999 sic
156 2942 337 3014 observasse,
352 2959 448 3017 nsque
463 2959 524 3011 vos,
538 2958 633 3017 neque
645 2943 770 3013 maiores
781 2948 897 2997 vestros
912 2957 1040 3017 unquam
1053 2943 1198 3018 poenituit.

101 3030 166 3089 Est·
174 3031 252 3088 enim
267 3029 323 3092 hoc
336 3042 430 3089 status
444 3030 592 3109 popularis
606 3032 829 3101 munimentum,
840 3029 941 3089 hostes
956 3030 1002 3089 vel
1016 3032 1198 3106 consulendo

101 3122 148 3181 vel
169 3122 331 3201 pugnando
345 3109 500 3199 superare:
520 3120 647 3198 legibus,
670 3121 732 3179 sive
754 3120 897 3197 volentes,
916 3121 976 3180 sive
995 3134 1114 3187 coactns
1130 3139 1198 3187 strn-

100 3215 249 3275 cumbere.

135 3288 387 3404 uritquehrec'¹
378 3326 410 3365 ιιι
422 3306 503 3365 bunc
505 3323 578 3391 geri
570 3303 711 3364 modum
725 3312 892 3382 oportere,
887 3301 942 3361 iste
955 3302 1019 3381 ipse
1034 3272 1121 3361 etiam
1134 3323 1195 3365 ma·

100 3401 207 3461 nifeste
219 3412 265 3460 ιιι
260 3399 434 3459 consessus.
456 3374 534 3457 Cain
544 3396 620 3457 enim
633 3394 803 3474 Hyperides
814 3392 964 3453 decretum
977 3392 1104 3487 fecisset,
1115 3406 1197 3473 post-

99 3509 188 3573 quam
209 3493 308 3553 Graeci
326 3492 439 3552 cladem
452 3490 491 3549 ad
506 3489 701 3549 Chaeroneam
715 3495 903 3565 acceperant,
921 3496 951 3544 et
964 3494 1072 3545 nostrie
1086 3486 1197 3549 civitati

78 3588 218 3666 ’deipso
231 3586 346 3665 patric·
352 3584 416 3644 solo
433 3582 594 3643 maximum
616 3580 782 3660 pericnlum
801 3578 1002 3658 impendebat,
1020 3590 1054 3639 ut
1070 3580 1194 3661 ignomi-
1280 3662 1281 3668 ἵ

98 3698 189 3740 ιιιοιιι
196 3689 305 3758 erepta
316 3677 443 3755 dignitas
462 3676 672 3746 restitueretur,
692 3693 752 3751 quo
763 3672 981 3751 consentientes
1001 3672 1127 3735 universi
1139 3695 1194 3754 pro

98 3772 229 3831 libertate
249 3782 366 3829 emanue
379 3767 561 3837 dimicarent,
574 3766 600 3823 ιι
617 3764 698 3843 quod
718 3773 832 3840 tantum
847 3764 1008 3847 *discrimen
1027 3765 1194 3842 reipublicae

98 3862 275 3922 immineret:
297 3861 329 3920 id
342 3859 492 3919 decretum
506 3868 540 3917 ut
553 3866 658 3929 contra
670 3858 752 3936 leges
765 3857 875 3935 iactum
889 3856 1049 3935 accusavit,
1060 3866 1091 3923 ιι
1103 3857 1134 3915 in
1142 3859 1192 3938 ju·

34 3950 39 3957 ’
99 3952 173 4014 dicio
185 3971 306 4015 causam
320 3953 391 4031 egit.
422 3944 504 4019 Quid
515 3970 585 4012 vero
597 3949 659 4009 fieri
672 3950 766 4028 possit
776 3949 913 4027 iniquius,
932 3968 1021 4025 quam
1043 3951 1193 4015 cumAsi-
1292 3938 1304 3965 ‘

97 4045 204 4124 stogito
222 4046 261 4106 ad
282 4044 383 4125 patriae
401 4043 601 4115 defensionem
622 4042 732 4101 nemini
745 4060 851 4121 passus
875 4042 913 4100 sit
934 4040 1046 4099 restitui
1063 4040 1191 4121 dignite-

74 4154 80 4161 ’
99 4150 174 4199 tam:
194 4156 262 4198 enm
284 4137 324 4197 ad
341 4154 424 4196 susm
438 4136 625 4214 ¹iniquitatem
643 4133 874 4196 confirmandam
890 4130 927 4209 ,id
946 4131 1000 4195 sibi
1022 4134 1151 4196 muneris
1174 4155 1192 4195 a

97 4232 177 4291 vobis
191 4229 326 4290 omnibus
342 4228 427 4289 tribui
449 4221 616 4307 poa‘tularei
638 4228 728 4305 Atqui
750 4225 899 4284 decretum
917 4221 995 4303 illud
1018 4223 1110 4289 multo
1134 4226 1191 4287 fuit
1209 4302 1221 4313 ἱ

99 4324 263 4403 aquiuseo,
275 4322 356 4399 quod
366 4332 397 4381 tu
409 4322 461 4381 tibi
472 4342 553 4382 nunc
562 4341 581 4380 a
588 4318 739 4402 judicibus
750 4315 867 4377 decerni
876 4314 1001 4397 flagitas.
1022 4314 1100 4376 lllud
1113 4318 1189 4379 enim

97 4435 248 4478 ιοιιιιιιιιιιι
263 4414 330 4487 fuit,
343 4424 374 4473 ιι
391 4432 511 4491 equum
532 4410 819 4494 civibusomnibus:
844 4407 923 4469 istud
945 4407 1088 4487 iniquum,
1109 4412 1189 4489 quod
