2934 5000
505 355 744 418 effluerrcn
765 358 822 420 ιιι
1174 362 1214 442 en

118 507 252 575 eretum
265 509 657 590 copiis,domom.red'dsae:
678 509 865 574 duom
879 513 969 574 reteri
984 511 1171 593 simplicitate
1183 535 1217 577 se

118 611 284 682 peramant,
296 601 344 662 vel
357 603 453 682 potior
472 603 622 676 civilitate,
641 613 676 664 ut
687 623 725 664 ne
739 604 865 684 pecunie
878 604 996 683 quidem
1007 607 1166 685 quicquam
1178 609 1219 669 nb

119 694 183 756 ullo
195 694 383 773 redimerent,
397 695 451 756 aed
465 715 533 758 ease
547 695 707 776 legitimum
724 697 873 775 quendam
891 715 953 757 rem
967 709 999 758 et
1013 709 1143 779 apertam
1156 701 1219 761 bel-

117 785 192 850 ium.
224 783 314 846 Nunc
326 797 425 848 autem
435 784 540 848 uidetis
551 789 653 866 utique
663 787 787 866 piurima
795 787 977 868 proditorum
985 807 1077 870 opere
1085 791 1219 869 periisse,

119 879 194 942 nibil
215 879 247 938 ia
267 879 331 940 scie
352 887 404 941 eut
423 897 524 958 pogna
541 880 621 958 gari:
643 879 810 959 Philippum
825 901 897 942 uero
919 881 1037 956 eraditis,
1057 902 1119 943 non
1139 883 1220 964 qnod

118 971 219 1052 gravis
233 983 387 1032 armetmae
399 969 560 1051 pbuleogea
572 970 673 1044 duest,
686 973 834 1051 proticisci
846 991 907 1052 quo
917 973 999 1047 uelit,
1013 973 1067 1034 aed
1080 976 1161 1053 quod
1173 976 1220 1038 fe·

118 1065 273 1140 tentarios,
285 1066 408 1143 equites,
423 1063 599 1144 sagittarios,
613 1064 791 1144 peregrinos,
804 1065 877 1145 quod
890 1065 977 1126 istius
988 1065 1071 1127 modi
1082 1069 1221 1131 conflavit

116 1155 293 1232 exereimm,
314 1157 430 1224 Quibus
438 1157 510 1218 dom
522 1155 623 1238 pollet,
637 1175 704 1218 cum
716 1157 750 1216 io
763 1176 813 1218 eoa
829 1157 914 1218 irruit
925 1158 978 1238 qui
989 1157 1221 1223 dismrdbioter

119 1267 157 1310 re
169 1248 315 1323 laborent,
328 1265 452 1328 cumque
465 1267 552 1310 nemo
566 1267 619 1330 pro
631 1247 696 1328 egri
713 1247 885 1309 defensione
896 1258 1015 1329 propter
1026 1247 1221 1314 diffidentium

119 1341 231 1422 prodit,
245 1341 381 1403 adductis
394 1341 536 1404 machinis
551 1341 617 1402 illos
630 1349 793 1424 oppugnat.
817 1341 875 1420 *Et
890 1350 978 1402 taceo
994 1341 1068 1401 nibil
1084 1333 1221 1406 eumbe-

120 1433 194 1494 bere
207 1433 381 1493 discriminis
393 1433 467 1494 inter
479 1442 613 1495 euntem
626 1443 656 1494 et
668 1433 813 1513 hyemem,
827 1452 925 1512 oeqm
936 1431 1029 1492 ullam
1039 1433 1082 1493 illi
1095 1435 1136 1496 sit
1146 1445 1221 1497 tem·

118 1545 182 1606 pus
197 1526 334 1586 eximium
343 1524 424 1605 quod
436 1527 618 1587 intermittet.
646 1528 722 1592 Quen
732 1545 802 1585 eum
810 1544 912 1586 omnes
924 1525 1023 1586 seiem'r
1031 1535 1063 1585 et
1070 1527 1223 1588 vobiscum

119 1619 275 1696 reputetis,
294 1637 354 1678 non
376 1628 493 1700 oportet
510 1638 562 1679 vos
579 1618 690 1679 bellum
706 1618 737 1678 io
757 1627 885 1678 vernem
903 1617 1044 1679 ditionem
1059 1618 1223 1695 admittere,

120 1729 221 1789 oaqm
235 1721 269 1770 ut
280 1710 353 1771 dum
367 1711 406 1772 nd
424 1711 559 1772 laconici
575 1711 645 1772 belli
659 1710 876 1791 simplieitatem
892 1709 1036 1791 respicitis
1048 1711 1130 1772 eollo
1143 1713 1223 1773 fran-

116 1803 213 1883 geor,
226 1803 280 1864 sed
301 1823 389 1883 quarn
408 1803 570 1866 diudssime
588 1815 658 1865 ante
674 1804 850 1877 cauendum,
868 1822 905 1863 ac
924 1804 1011 1863 rebus
1033 1805 1171 1883 gerendis
1191 1814 1225 1866 et

120 1896 311 1974 oppantibus
325 1916 362 1958 ne
377 1898 452 1956 dorne
465 1915 499 1957 se
513 1907 629 1958 moveat
645 1896 843 1968 efficiendum,
855 1913 915 1957 non
925 1897 1070 1957 consortia
1088 1897 1224 1959 manibus

118 1985 346 2049 decertandum.
386 1989 465 2052 Nun
484 1989 522 2050 ad
541 1989 651 2050 bellum
667 1989 768 2050 multe
780 2000 888 2050 nutura
899 1989 986 2050 nobis
1004 1999 1075 2051 sont
1092 2007 1222 2051 commo-

119 2079 246 2162 ditates,
260 2081 349 2141 ruodo
360 2097 396 2140 ea
408 2081 505 2141 fecere
514 2082 648 2153 relbnus,
661 2101 727 2160 que
737 2083 888 2155 debemur,
900 2082 1105 2157 Athenienses,
1119 2095 1225 2143 nature

126 2173 256 2250 regionis
270 2172 337 2250 quen
349 2171 392 2230 illi
405 2181 499 2250 peret,
518 2173 602 2252 cujus
621 2191 759 2250 magnam
771 2183 885 2252 partem
900 2173 1045 2234 hostiliter
1057 2175 1181 2253 diripere
1193 2185 1226 2235 et
1296 2178 1299 2185 '

125 2264 265 2324 infestare
275 2257 445 2344 puterimur,
456 2263 512 2324 elie
521 2272 676 2326 sexcenta:
697 2264 750 2323 ed
759 2264 798 2324 ad
808 2264 940 2343 prelium
946 2265 1053 2325 rudius
1062 2265 1123 2336 ille,
1135 2286 1225 2346 qoem

124 2375 196 2430 nos,
210 2365 256 2416 eat
268 2364 466 2434 comparatus.

172 2450 218 2507 ll.
240 2447 344 2526 Neque
357 2465 426 2508 vero
440 2447 535 2507 solum
548 2446 589 2507 ite
602 2446 787 2509 sentiendum
799 2456 857 2522 est,
870 2456 922 2509 not
933 2446 984 2508 ilie
1002 2447 1072 2509 belli
1090 2450 1226 2529 operibns

2 2604 3 2609 γ
127 2539 327 2610 ulciscendus,
344 2539 442 2600 sedet
460 2540 559 2601 animo
575 2550 606 2599 et
626 2539 804 2630 cogitatione
823 2541 1001 2614 detestandi,
1009 2542 1065 2621 ,qui
1081 2542 1157 2621 epod
1172 2564 1225 2605 vos

127 2633 193 2711 ejus
213 2652 333 2693 eausam
350 2641 481 2703 tuentur,
499 2631 747 2711 cogitandumque
758 2646 932 2713 ,non‘posee
951 2653 1003 2693 vos
1021 2635 1121 2696 hostes
1141 2646 1228 2697 extre

128 2726 230 2784 orbem
240 2744 387 2803 adpetere,
400 2724 569 2805 priusquam
583 2742 635 2783 eos
648 2726 698 2803 qui
708 2724 784 2783 intre
796 2724 899 2785 urbem
909 2725 966 2785 illis
976 2744 1094 2804 opernm
1107 2739 1226 2802 namet,

114 2816 310 2897 ,puniveritie
336 2816 452 2889 -Quod,
464 2817 507 2876 ito
520 2834 566 2875 rue
581 2826 659 2875 umet
672 2816 790 2896 Jupiter
802 2817 908 2895 aliique
923 2818 977 2876 diil
998 2837 1092 2896 neque
1105 2822 1226 2898 potestis

129 2928 183 2969 roe
196 2909 292 2969 iacere
307 2928 402 2988 neque
413 2907 510 2979 vultis,
522 2906 574 2967 sed
586 2928 621 2968 eu
634 2909 764 2989 prolepai
780 2911 850 2969 estis
865 2908 999 2971 stultitiae
1013 2911 1060 2969 vel
1070 2911 1226 2972 dementius

128 3001 177 3062 rel
191 3001 288 3062 nescio
303 3000 381 3079 ‘quid
398 3001 738 3081 dicem—erepennmero
761 3005 839 3063 enirn
857 3003 927 3062 mibi
944 3003 1035 3063 etiem
1050 3004 1123 3063 illud
1136 2996 1226 3066 vereri

129 3092 220 3166 srrbit,
234 3112 272 3153 ne
284 3111 393 3153 numen
407 3093 524 3172 aliquod
534 3112 581 3153 rea
600 3091 777 3172 agitet—nt
789 3094 913 3157 convicii
924 3104 976 3155 eut
984 3093 1100 3155 inuidiae
1115 3104 1167 3156 sut
1180 3096 1226 3155 di-
1244 3120 1247 3124 ²

122 3182 316 3263 eterii‘gretia
331 3196 383 3251 eut
399 3204 573 3265 quecunque
587 3185 705 3245 derourn
720 3187 760 3247 de
771 3205 861 3248 conse
872 3186 1005 3248 homines
1019 3189 1226 3261 mercenarios,
1328 3254 1335 3261 ,
1365 3262 1370 3271 1

129 3293 258 3353 quorum
270 3262 387 3353 quidem
400 3276 479 3336 baud
493 3278 626 3354 negaturi
638 3276 698 3337 sint
711 3296 743 3339 se
755 3278 921 3351 eseetales,
939 3278 1038 3337 dicere
1046 3278 1184 3357 jubentis,
1198 3292 1229 3341 et

128 3363 262 3438 ridentis,
283 3366 308 3426 si
321 3367 424 3446 quibus
437 3367 569 3427 convicio
580 3368 710 3429 iecerint.
752 3370 857 3449 Neque
878 3370 935 3429 boe
954 3389 1119 3447 remmopm
1139 3390 1228 3450 grave
1289 3376 1297 3381 ’

130 3468 188 3533 eat,
201 3478 370 3539 quenquam
383 3448 486 3541 gr'ever
509 3460 563 3519 sed
576 3469 608 3519 et
619 3458 696 3519 illud
708 3462 751 3521 eie
772 3461 906 3533 dedistis,
924 3470 958 3521 ut
968 3460 1081 3523 minore
1094 3480 1161 3523 urm
1175 3483 1228 3545 pe-

129 3550 224 3611 riculo
245 3552 376 3633 rempub.
400 3562 513 3632 gerent,
532 3570 620 3631 quem
638 3552 728 3613 vestri
748 3554 930 3615 defensores.
976 3554 1068 3633 Atqui
1085 3564 1227 3635 mutate,

129 3652 244 3720 quanto
256 3664 294 3704 eu
309 3664 345 3705 eo
356 3645 435 3705 male
444 3642 598 3719 exsistunt,
608 3644 689 3723 quod
703 3664 755 3706 eos
768 3647 819 3723 qni
834 3645 910 3706 teles
929 3654 1000 3706 eunt
1015 3646 1117 3709 audire
1129 3648 1229 3711 cultis.

131 3733 239 3797 Dicam
251 3746 351 3797 numm
366 3756 411 3807 ea,
426 3757 493 3815 ques
503 3755 605 3797 omnes
618 3756 685 3799 ease
700 3737 782 3798 lecta-
792 3740 969 3817 agnoscetis.

175 3828 359 3889 ltrEnrnn
369 3829 500 3909 Olynthi,
511 3828 650 3907 exiis'qui
659 3830 747 3891 reboo
756 3831 947 3911 prefuerunt,
959 3832 1092 3893 nonnulli
1102 3832 1230 3911 quicum

2 3968 4 3979 ,
129 3917 271 4000 -Pbilippo
284 3920 432 3981 iaciebant
444 3922 529 4000 eique
542 3923 572 3982 in
586 3922 719 3983 omnibus
733 3924 965 3999 subserviebent,
977 3923 1108 3985 nonnulli
1118 3925 1179 4003 qui,
1195 3935 1230 3985 ut

133 4010 244 4089 optime
256 4012 375 4073 valeant
387 4014 499 4073 ceaulin
512 4024 543 4073 et
558 4016 741 4075 neservituti
753 4017 832 4076 cives
848 4017 1034 4088 dederentur,
1047 4014 1229 4077 luborabunt.

134 4102 201 4165 Utri
213 4124 285 4184 ergo
299 4108 423 4185 petriam
435 4106 634 4187 perdiderunt,
650 4118 702 4169 eut
711 4109 767 4169 utri
781 4110 895 4187 equites
908 4110 1108 4191 prodiderunt,
1123 4110 1229 4187 quibus

133 4196 266 4273 proditis,
282 4199 429 4279 Olynthus
443 4200 566 4261 inuriitt
588 4201 646 4268 Qui
656 4201 784 4282 Philippi
793 4204 992 4281 sequebantur
999 4210 1106 4281 portes,
1121 4203 1230 4283 quique
1302 4266 1315 4279 ,

133 4298 207 4363 tunt,
222 4310 290 4351 cum
308 4302 399 4353 staret
417 4294 532 4364 civiles,
555 4294 663 4372 optime
678 4294 865 4353 consulentes
883 4294 963 4354 eires
981 4296 1019 4353 ite
1034 4294 1186 4356 columniis
1200 4307 1232 4358 et

132 4381 301 4444 criminibus
314 4386 550 4463 proscindebant,
571 4398 604 4445 ut
618 4384 705 4447 eiiam
722 4384 761 4445 ed
774 4386 946 4465 ejiciendum
959 4386 1162 4467 Apollonidem
1175 4410 1229 4470 po-

131 4474 224 4554 pulus
238 4474 444 4557 Olyntbiorum
459 4477 665 4558 impelleretur.
707 4478 813 4557 Neque
826 4497 895 4539 vero
909 4480 988 4560 apud
1008 4480 1061 4545 bos
1081 4480 1161 4544 solos
1175 4483 1232 4543 isto
