2934 5000
248 303 307 396 ιιι
618 299 791 362 course
811 296 983 360 ιιιιιιιιι.

217 459 359 538 opinor,
372 457 509 554 estquod
528 456 625 516 studia
646 467 676 516 et
698 453 885 536 cupiditatem
907 450 1037 514 omnium
1059 449 1180 522 excitat,
1203 460 1238 509 ut
1257 449 1350 510 nullia

248 549 410 628 sumptibus
428 549 547 632 parcere
566 547 665 616 velint,
670 547 780 624 quod'
773 567 801 604 ιιι
815 545 950 640 populari
962 543 1113 623 republica
1125 543 1190 623 pari
1202 538 1350 621 equoque

243 647 310 717 jure
323 660 389 700 cum
403 638 516 710 ceteris,
530 657 631 698 omnes
651 639 740 698 licere
764 639 818 698 sibi
837 633 933 697 trivere
955 636 1139 697 arbitrantur.
1183 635 1258 693 Muri
1275 653 1349 693 vero

186 758 195 770 ·
246 733 323 801 haro,
339 730 543 800 Athenienses,
557 730 707 808 perustum
721 729 893 808 contingere
907 748 972 789 nou
986 738 1153 824 potuerunt.
1195 727 1255 786 Sed
1269 745 1349 806 prae·

117 870 124 880 .
246 833 290 882 ter
303 831 453 902 acceptam
473 821 712 890 contumeliam'',
705 839 825 899 insuper
838 819 960 880 victoria
973 837 1091 897 quoque
1102 839 1167 878 sum
1180 815 1347 877 fraudattrs.

247 915 337 993 Atqui
347 912 433 972 ¹volis
447 911 580 972 omnibus
599 910 672 970 illud
685 911 741 990 ego
755 912 907 991 perspicue
920 909 1141 980 demonstrabo,
1154 909 1272 968 licuisse
1283 907 1346 966 Mi-

160 1071 161 1074 ,
245 1007 303 1066 diae
316 1004 388 1067 nihil
401 1004 530 1083 improbe
544 1002 683 1074 molienti,
696 1021 793 1081 neque
807 1001 1014 1067 coutumeliam
1027 1001 1157 1072 facienti,
1169 1019 1265 1079 neque
1278 1017 1346 1057 ver·

244 1097 368 1168 beranti,
382 1106 413 1158 et
425 1095 559 1158 exhihere
569 1094 639 1153 mihi
653 1093 827 1168 molestiam,
843 1106 873 1153 et
884 1093 1004 1153 laudem
1018 1113 1036 1152 a
1049 1092 1132 1152 vohis
1145 1109 1290 1150 concessu
1301 1091 1347 1148 le-

245 1209 314 1268 gum
328 1187 456 1266 adipisci,
469 1187 626 1264 etquidem
640 1187 683 1244 sic
694 1197 727 1246 ut
739 1205 797 1264 ego
807 1183 886 1261 nunc
896 1204 933 1243 ne
942 1184 1055 1244 hiscere
1064 1183 1183 1262 quidem
1193 1182 1344 1242 auderem.

285 1283 335 1340 20.
358 1279 516 1340 Decuisset
539 1277 626 1348 enim,
642 1277 929 1350 Athenienses,'cum
950 1274 1148 1355 ego'publice
1171 1271 1344 1341 Pandionias

245 1375 337 1433 tribus
350 1367 517 1432 aedilitatem
534 1371 657 1449 suscepi,
671 1379 732 1429 tum
751 1368 847 1449 ipsum
866 1367 987 1428 'aedilem
1009 1367 1193 1428 Erechtheiie
1206 1367 1277 1426 sure.
1287 1366 1344 1424 tri·

244 1467 300 1525 bus
311 1485 343 1525 se
357 1465 504 1544 profiteri;
526 1482 638 1542 suaque
653 1482 682 1520 re
695 1461 840 1531 familiari,
854 1460 992 1540 exemplo
1013 1479 1090 1534 meo,
1105 1457 1285 1531 insumenda,
1298 1457 1345 1517 sic

245 1555 366 1616 demum
387 1555 498 1634 eripere
517 1554 586 1614 mihi
602 1552 769 1632 victoriam:
790 1553 831 1612 sic
845 1571 914 1612 vero
927 1551 1069 1611 insultare
1082 1564 1113 1610 et
1126 1552 1289 1622 verberare,
1302 1569 1344 1608 ne

245 1657 307 1705 tum
321 1647 449 1726 quidem.
492 1645 578 1705 Nunc
591 1644 621 1704 id
636 1644 754 1724 quidem
772 1663 831 1704 non
843 1645 924 1715 fecit,
939 1663 998 1722 quo
1012 1643 1122 1723 populo
1133 1643 1276 1703 honorem
1287 1643 1344 1700 ha-

244 1739 314 1798 bere
328 1739 482 1842 potuis-set,
490 1755 592 1840 neque
606 1737 697 1796 ullum
707 1736 767 1796 tale
780 1756 842 1795 suae
855 1735 1059 1813 ¹generositatis
1067 1734 1227 1814 'specimen
1232 1734 1344 1793 edidit·

244 1829 296 1891 sed
311 1849 368 1900 me,
382 1829 532 1907 qni-sive
545 1827 621 1905 quis,
633 1827 857 1900 Atheniensess
851 1829 994 1887 insaniam
1007 1826 1069 1886 eam
1082 1826 1246 1885 existimare
1260 1826 1346 1894 rult;

244 1931 292 1980 est
304 1921 381 1981 enim
395 1918 542 1978 fortasse
535 1919 666 1991 insaniae,
681 1921 733 1979 uiti
755 1940 844 2000 supra
864 1920 958 1979 vires:
979 1921 1040 1978 sive
1051 1899 1345 1995 liberalitatemss—ul·

244 2022 290 2072 tro
303 2011 471 2070 aedilitatem
484 2009 569 2080 subii,
585 2011 659 2072 adeo
673 2012 770 2091 palam
783 2021 815 2071 et
827 2012 936 2072 nelarie
949 1998 1093 2071 insultans
1107 2019 1271 2069 ιιιιιιιιιιι
1284 2019 1344 2083 est,

244 2115 277 2164 ut
289 2122 387 2186 neque
402 2102 531 2174 achoro',
547 2121 642 2180 neque
656 2122 674 2162 a
687 2121 808 2183 corpore
818 2122 884 2162 meo
897 2123 1002 2163 manus
1017 2102 1187 2162 abstineret.
1228 2100 1343 2180 Siquis

132 2231 137 2234 -
245 2205 344 2256 autem
364 2204 504 2267 restrum,
519 2195 728 2267 Athenienses,
753 2193 857 2254 Midiae
875 2195 994 2274 quidem
1016 2195 1161 2266 irascitur,
1183 2212 1245 2254 non
1265 2192 1343 2254 adeo

232 2299 352 2372 ¹tamen,
375 2296 408 2346 ιιι
430 2306 498 2362 eum
524 2297 618 2347 morte
640 2287 842 2347 mulctandum
862 2287 1057 2360 existimetis
1076 2306 1136 2345 non
1150 2295 1229 2345 recte
1242 2285 1341 2345 sentit.

245 2381 309 2442 Nec
323 2380 400 2440 enirn
414 2399 530 2458 equum
544 2390 599 2452 est,
610 2391 662 2438 aut
670 2381 817 2452 convenit,
826 2379 890 2459 ejus
902 2379 952 2457 qui
968 2379 1062 2439 lesus
1071 2388 1118 2438 est
1124 2377 1339 2450 verecundiam,

125 2516 131 2527 .
180 2507 184 2516 ·
244 2471 347 2552 illiqui
360 2490 461 2531 omnes
476 2471 662 2531 contumelia
677 2490 739 2533 suaa
751 2470 882 2530 habeam
902 2468 1020 2540 laxavit,
1042 2469 1082 2529 ad
1106 2469 1231 2530 salutem
1253 2468 1339 2547 quic-

243 2584 331 2644 quam
344 2562 489 2643 opitulari.
530 2562 591 2622 Sed
605 2562 628 2620 is
642 2562 760 2639 quidem
772 2562 816 2621 sic
828 2572 877 2620 est
889 2561 1063 2641 puniendas
1075 2571 1110 2619 ιιι
1120 2581 1266 2641 perquem
1279 2580 1341 2620 non

242 2658 362 2729 steterit,
377 2674 437 2734 quo
450 2656 546 2715 minus
559 2653 742 2715 atrocissima
754 2673 879 2732 quaeque
901 2665 1157 2733 perpetrarentur.
1178 2656 1339 2714 accusatori

242 2766 311 2806 raro
324 2756 456 2826 prompte
468 2764 554 2825 opem
567 2745 699 2815 terendo,
715 2746 839 2825 gratiam
849 2746 946 2805 reterri
960 2746 1064 2807 decet.

277 2839 332 2896 „al
355 2836 509 2909 Necenim
522 2836 579 2895 hoc
593 2835 724 2914 proiecto
741 2836 799 2896 dici
818 2846 924 2916 potest,
945 2856 1003 2910 me,
1024 2857 1096 2897 cum
1116 2860 1154 2900 ex
1173 2820 1340 2915 hujusmodi

197 2990 204 3001 ,
242 2930 330 2987 rebus
350 2926 421 2986 nihil
440 2944 570 3004 unquam
594 2928 755 2987 atrocitatis
770 2927 922 3001 exstiterit,
937 2948 1016 2989 nuuc
1028 2948 1209 3009 exaggerare
1222 2932 1280 2991 hoc
1293 2930 1339 2990 ta

243 3030 333 3091 ctum,
346 3028 377 3077 et
390 3016 516 3077 terribile
526 3018 634 3077 iacere.
676 3018 780 3099 Longe
795 3019 915 3099 quidem
934 3040 967 3080 se
979 3040 1025 3082 res
1040 3022 1124 3081 aliter
1136 3023 1236 3095 habet,
1247 3042 1339 3102 quum

161 3164 185 3177 λ.
241 3110 340 3181 norim
352 3127 468 3176 οιιιιιιιι
490 3118 542 3169 aut
554 3108 683 3189 plerique
697 3109 821 3171 saltem:
844 3110 1023 3192 Euthynum,
1036 3114 1086 3192 qui
1100 3114 1169 3173 olim
1180 3115 1341 3194 palestrita

240 3202 306 3273 tuit,
341 3200 433 3273 illum,
462 3196 726 3275 adolescentulum,
753 3202 926 3282 ‘Sophilum,
946 3207 1282 3284 parenthetica—suit
1313 3206 1338 3266 is

239 3294 327 3355 homo
340 3293 486 3365 robustus,
503 3294 593 3373 niger,
607 3294 677 3353 satis
698 3294 759 3353 scio
780 3294 940 3382 intelligere
955 3300 1090 3358 'restrum
1108 3299 1233 3378 aliquos,
1250 3304 1338 3377 quem

239 3386 385 3456 dicam-,
399 3386 480 3444 hunc
490 3383 577 3463 igitur
592 3385 745 3466 Sophilum
758 3386 839 3446 Sami
852 3387 883 3445 in
897 3406 1057 3467 congressu
1074 3390 1202 3469 quodam
1215 3390 1337 3450 familia·

239 3478 322 3555 rique
334 3476 491 3555 colloquio,
499 3480 578 3556 quod
590 3480 641 3546 ille
651 3499 670 3539 a
679 3498 740 3558 quo
748 3478 908 3559 vapulabat
915 3483 1122 3558 contumeliam
1131 3485 1159 3543 ei
1171 3484 1267 3543 facere
1276 3472 1337 3543 uon

240 3568 430 3639 dubitaverat,
444 3568 475 3626 in
497 3568 580 3629 illum
599 3570 642 3631 sic
664 3571 888 3643 vindicassent
908 3574 996 3632 etiam
1019 3575 1178 3636 occideret.
1220 3575 1338 3647 Norunt

163 3656 167 3661 ’
239 3659 277 3719 ab
298 3658 425 3717 Eroeone
448 3658 540 3730 multi,
556 3661 764 3723 Leodamantis
786 3664 885 3735 fratre,
905 3664 1053 3727 occisam
1057 3686 1123 3727 esse
1147 3667 1314 3728 Boeotum
1304 3687 1336 3726 m

239 3770 334 3824 coeua,
348 3761 377 3809 et
390 3768 548 3827 congressu
568 3754 725 3825 communi,
739 3756 778 3815 ob
799 3775 888 3814 unam
905 3756 1033 3836 plagam.
1074 3758 1139 3819 Nec
1157 3760 1233 3819 enim
1246 3760 1336 3839 plaga

238 3846 379 3904 excitarat
398 3838 589 3927 iracundiam,
603 3844 685 3903 sed
678 3848 855 3924 ignominia·
876 3848 972 3927 neque
986 3852 1125 3911 verbera
1116 3872 1251 3933 ingenua
1264 3856 1336 3912 ιιιιιι

238 3939 355 4011 acerba,
374 3924 541 4013 quanquam
564 3936 670 3993 acerba
691 3947 770 4040 sunt,
791 3938 845 3999 sed
867 3942 1053 4003 contumeliae
1076 3963 1168 4003 causa
1189 3946 1336 4005 verberari

237 4038 285 4089 est
310 4028 456 4087 acerbum.
500 4024 596 4085 Multa
612 4028 689 4087 enim
712 4028 738 4087 is
760 4030 810 4106 qui
829 4032 974 4105 rerberat,
994 4035 1198 4108 Athenienses,
1215 4036 1333 4105 fecerit,

237 4140 359 4199 quorum
379 4117 546 4198 quosdam
537 4140 564 4184 ιι
586 4138 636 4199 qur
658 4120 746 4181 lasus
763 4132 821 4193 est,
836 4124 900 4184 aliis
923 4145 980 4186 nec
998 4127 1105 4189 referre
1118 4130 1221 4208 possit,
1234 4134 1332 4207 gestu,

235 4215 351 4285 obtutu,
374 4230 457 4282 roca,
480 4232 568 4289 quum
595 4222 628 4269 ut
651 4212 805 4285 insultans,
829 4236 919 4295 quum
939 4227 976 4277 ut
995 4218 1140 4291 iuimicus,
1164 4240 1254 4299 quum
1277 4241 1331 4300 pu-

237 4323 306 4383 gno,
325 4322 419 4381 quum
441 4303 470 4361 in
497 4305 584 4364 mala.
634 4304 707 4364 Hac
734 4320 931 4380 commovent,
952 4311 1017 4369 haec
1040 4312 1078 4371 ad
1099 4312 1242 4371 insaniam
1269 4313 1337 4372 adi·'

206 4440 209 4449 ,
237 4402 311 4475 gunt
338 4394 483 4466 homines,
507 4396 634 4457 serendis
655 4399 845 4478 coutumeliis
874 4420 934 4460 non
954 4406 1106 4470 ιιιιιιιοι.“
1142 4403 1248 4481 Neque
1275 4415 1331 4477 est,
