2934 5000
405 323 584 388 CONTRA
612 313 949 384 ARISTOCRATEM.
1131 322 1190 378 ³75
1299 410 1303 423 Ι
1332 336 1338 347 ·

91 452 330 532 naturaequid
344 456 447 535 ptimo,
458 456 529 534 quid
543 454 686 523 seeundo,
697 461 750 511 aut
761 459 910 531 postremo
922 448 990 511 loco
1001 450 1101 511 andire
1113 471 1192 530 prm-

93 546 213 622 optetis.
236 545 359 627 Proinde
374 547 470 609 ridete
485 547 623 626 quidnam
636 543 740 615 velitis,
751 554 786 603 ut
798 543 827 602 id
842 542 964 620 primum
984 544 1067 603 robis
1084 544 1189 605 dicam

94 634 148 695 De
159 636 272 697 violatis
287 639 399 718 legibus
414 639 500 701 vultis
511 638 654 718 primumi
677 636 744 697 Hoc
756 636 844 713 igitur
854 624 996 695 dicemus.
1020 636 1081 694 Oro
1091 646 1192 695 autem

93 738 129 786 et
141 731 257 807 postulo
277 750 295 790 a
308 732 389 793 robis
402 751 447 804 ea,
461 752 539 811 ques,
553 742 588 791 ut
599 732 670 793 mihi
682 729 856 809 persuadeo,
869 748 956 806 equa
969 730 1087 789 omnino
1100 740 1170 789 sunt
1184 751 1194 791 ι

94 840 184 886 nemo
197 836 337 898 vestram,
351 825 555 897 Athenienses,
568 835 721 905 propterea
736 822 818 901 quod
837 820 1045 883 Charidemum
1066 823 1194 901 ignoret,

93 922 129 973 ct
141 915 180 973 de
193 918 344 996 republica
356 919 433 979 bene
450 918 583 977 meritum
602 925 696 995 putat,
711 916 841 994 quadam
858 914 947 975 animi
967 916 1128 993 pertinacia
1147 916 1193 975 ia·

95 1006 216 1081 ductas,
232 1020 353 1069 nostros
367 1010 405 1069 de
419 1009 533 1087 legibus
548 1026 696 1068 sermones
710 1008 899 1085 iniquioribus
913 1008 1031 1067 auribus
1049 1007 1194 1087 accipiat:

96 1116 195 1175 neqm
208 1110 328 1178 propter
339 1102 369 1159 id
383 1100 430 1159 vel
443 1102 571 1178 seipsrm
586 1096 748 1169 defraudet,
761 1116 821 1175 quo
834 1096 930 1156 minna
944 1117 997 1176 pro
1004 1098 1196 1178 jurisjurandi

96 1187 240 1267 religione
253 1190 525 1263 sententiamferat,
538 1189 585 1249 sel
600 1208 648 1249 me
661 1188 801 1268 impediet
819 1189 851 1247 in
869 1189 905 1247 iis
917 1189 1108 1266 explicandis,
1126 1203 1195 1269 quse

96 1296 154 1335 vos
166 1280 289 1341 edocere
309 1282 442 1342 decrevi:
463 1282 516 1341 sed
529 1282 571 1341 ita
585 1280 741 1351 auscultet,
761 1288 796 1337 ut
807 1278 983 1357 consideret,
1002 1300 1091 1358 quam
1109 1300 1197 1362 equa
1222 1283 1224 1286 ’

98 1370 214 1455 rheam.¹
234 1376 279 1433 Ac
300 1375 349 1433 ubi
362 1374 460 1454 legum
474 1376 641 1445 meminero,
656 1374 765 1433 omissa
778 1372 956 1451 cogitatione
969 1383 1088 1452 propter
1105 1394 1197 1452 quem

101 1472 155 1522 aut
177 1467 294 1543 qualem
310 1468 598 1533 senatusconsultum
621 1467 659 1525 sit
678 1465 798 1534 fectum,
821 1463 851 1523 id
866 1465 971 1535 solum,
994 1484 1092 1544 neque
1115 1466 1198 1525 aliud

101 1558 259 1635 quicquam
286 1560 465 1631 consideret,
488 1569 627 1619 contrane
654 1578 692 1617 an
719 1556 882 1617 secundum
907 1557 990 1633 leges
1018 1558 1057 1616 sit
1074 1558 1197 1617 facturn.

100 1649 200 1713 Quum
210 1669 279 1709 rero
288 1671 334 1711 res
348 1654 384 1711 ab
397 1672 433 1711 eo
446 1660 547 1730 gestas
561 1668 731 1721 excussere,
744 1657 832 1725 atque
845 1667 1028 1719 recensuero,
1037 1669 1097 1727 quo
1109 1660 1198 1730 pacto

100 1741 166 1801 sitis
186 1744 224 1801 ab
244 1762 279 1801 eo
299 1744 424 1822 decepti,
439 1745 562 1821 cogitet,
582 1752 678 1801 uuum
693 1760 740 1801 res
755 1741 858 1811 lactas,
871 1760 909 1799 an
922 1742 1076 1801 ementitas
1089 1741 1197 1803 dicam.

104 1832 162 1891 Ubi
182 1852 267 1913 porro
279 1836 482 1912 disquisivero,
505 1834 603 1894 utrum
625 1831 807 1911 erepublica
822 1832 870 1902 sit,
889 1830 937 1891 uel
957 1843 1062 1895 contra
1080 1854 1199 1915 rempu-

100 1925 218 1996 blicam,
232 1926 297 1987 hasc
311 1916 479 1999 decernere,
493 1927 606 1987 ombus
621 1926 725 1986 ceteris
738 1925 884 2011 omnihus,
897 1924 1026 1987 rationes
1044 1927 1082 1987 do
1094 1927 1141 1987 his
1153 1929 1198 1987 al-

103 2016 179 2075 latas
198 2018 346 2096 inspiciat,
358 2028 455 2077 utrum
469 2018 527 2077 illae
540 2029 622 2078 recte
643 2034 709 2077 sese
728 2008 867 2089 habeant,
881 2036 919 2076 an
941 2037 1037 2079 secus.
1073 2020 1151 2080 Nam
1173 2022 1199 2081 si

103 2124 154 2166 me
172 2108 218 2169 his
238 2108 342 2167 animis
356 2110 490 2181 audietis,
511 2116 573 2167 tum
587 2108 642 2187 ipsi
655 2108 774 2185 optime,
787 2128 854 2185 quae
868 2108 1004 2180 deceant,
1018 2111 1200 2190 intelligetis,

102 2197 228 2276 singulis
249 2200 368 2259 seorsim
393 2200 596 2271 consideratis,
616 2209 648 2257 et
666 2218 725 2259 aon
747 2198 834 2257 simul
852 2197 953 2258 omnia
973 2202 1127 2263 confertim
1146 2206 1199 2262 ob·

103 2300 239 2351 tuentes:
260 2302 322 2351 tum
337 2311 393 2370 ego
406 2296 473 2369 qum
491 2292 559 2351 volo
577 2290 713 2351 facillime
726 2300 831 2368 potero
848 2289 956 2349 dicere.
980 2290 1087 2353 Paucis
1099 2304 1199 2355 autem

103 2382 295 2443 absolventur
308 2385 423 2443 omnia«

135 2475 178 2534 .6.
199 2475 281 2554 Cape
294 2474 382 2553 igitur
395 2476 476 2554 leges
487 2474 577 2554 ipses,
592 2478 622 2533 et
634 2471 733 2545 recita,
748 2482 783 2532 ut
793 2491 848 2552 per
858 2492 910 2532 eas
929 2472 1093 2546 ostendam,
1112 2494 1200 2554 quam

106 2567 154 2626 isti
167 2568 267 2647 legum
277 2567 390 2629 nullam
403 2569 546 2628 rationem
557 2565 721 2627 habuerint.

157 2757 160 2763 '
269 2771 595 2830 scnrrrntrsus
618 2767 795 2830 seorsus
810 2742 1042 2853 secernet.

588 2947 701 3034 ιιι.

141 3109 242 3154 Senatus
252 3104 431 3165 Areopagitlcns
441 3105 472 3150 de
480 3103 545 3150 seda
556 3108 581 3149 st
597 3101 694 3150 vnlnere
705 3102 813 3150 musolto
821 3101 894 3158 hoto,
905 3102 936 3150 de
944 3101 1054 3151 heradio
1063 3109 1087 3155 st
1097 3105 1203 3162 renuis,

111 3183 196 3245 quihus
209 3179 322 3242 porrectis
333 3179 418 3239 aliquis
429 3179 542 3226 hominem
553 3175 781 3238 occideritjtulloet.

111 3330 235 3389 Desine.
271 3327 402 3386 Audistis
443 3337 502 3386 tem
530 3327 637 3404 legem,
673 3343 761 3402 quam
800 3322 961 3393 decretum,
996 3321 1203 3386 Athenienses.

111 3419 368 3488 Quemadmodum
382 3428 478 3477 autem
492 3417 561 3476 mihi
575 3415 732 3476 rideamini
750 3414 874 3501 rationes
889 3413 965 3492 ipsas
985 3413 1022 3474 de
1034 3413 1149 3476 violetis
1161 3418 1205 3478 le·

112 3513 197 3594 gibus
218 3505 357 3597 facillime
378 3509 616 3588 cognituriboc
644 3507 725 3567 vobis
753 3504 867 3574 dicam
896 3503 921 3565 si
944 3505 1212 3586 consideraverim,
1248 3547 1257 3553 -›

112 3606 197 3684 cujus
217 3601 327 3664 ordinis
341 3603 379 3662 sit
392 3603 426 3671 is,
435 3637 437 3643 ·
447 3621 500 3680 pro
514 3621 572 3679 quo
586 3597 876 3662 senatusconsultum
890 3598 1000 3658 iactum
1016 3613 1080 3661 est:
1101 3620 1139 3662 tto
1151 3623 1204 3683 pe·

113 3697 255 3782 tegrinse,
269 3714 306 3752 an
325 3694 492 3772 inquilinus,
508 3713 545 3752 an
566 3691 637 3752 civis
652 3693 697 3750 sit.
726 3694 823 3756 Quem
836 3690 861 3748 si
875 3690 1005 3750 dicemus
1022 3691 1205 3770 inquilinam,

113 3790 303 3849 mentiemur:
322 3805 426 3848 ¹rursus
441 3786 464 3844 si
478 3785 634 3863 hospitem,
648 3782 781 3858 injuriam
795 3783 822 3840 ci
834 3782 994 3842 iaciemus:
1015 3784 1114 3862 populi
1127 3786 1205 3843 enim

111 3880 295 3950 beneficium,
309 3897 367 3955 quo
382 3877 498 3936 deitate
510 3887 555 3935 est
569 3875 706 3945 donatus,
722 3885 816 3935 ratum
831 3873 873 3932 illi
886 3894 1003 3934 manere
1018 3874 1117 3934 debet.
1145 3875 1205 3937 Re-

113 3973 263 4054 linquitur,
279 3973 319 4030 sic
335 3969 417 4030 uide
432 3971 584 4039 civc‚essc
600 3968 636 4028 de
650 3987 686 4028 eo
700 3967 887 4045 loquendum.
909 3967 1040 4026 Obsecro
1059 3978 1156 4026 autem
1173 3981 1207 4030 ut

116 4065 261 4144 spectetis,
276 4081 364 4142 quam
383 4059 506 4140 simplici
518 4073 548 4120 et
556 4061 639 4142 justa
653 4063 764 4119 ratione
778 4071 852 4130 utar,
868 4059 916 4136 qui
932 4060 961 4116 in
981 4055 1060 4116 hunc
1074 4057 1205 4118 ordinem

115 4177 181 4216 eum
195 4147 346 4225 collocem,
362 4155 390 4213 in
414 4173 472 4233 quo
487 4155 643 4216 maximnm
658 4151 797 4213 honorem
814 4159 1019 4226 consequatur.
1044 4149 1124 4234 'Ques
1138 4171 1207 4212 vero

115 4247 198 4308 vobis
214 4259 315 4308 natura
329 4248 438 4310 civibus
460 4259 567 4326 negata
585 4241 664 4316 sunt,
679 4245 787 4304 necilli
802 4242 1020 4320 opinorcoutra
1036 4240 1118 4319 leges
1138 4255 1207 4304 sunt
1280 4262 1283 4269 ·
1410 4256 1413 4263 '

116 4342 316 4402 concedenda.
342 4337 426 4408 ¹Quae
442 4351 511 4398 sunt
529 4340 617 4418 igitur
631 4337 684 4396 eal
705 4357 771 4414 quae
792 4332 952 4392 istamodo
969 4333 1094 4412 scripsit.
1130 4336 1207 4398 Nam
