2934 5000
269 333 326 393 186
702 335 757 392 DE
778 333 963 394 CORONA.

265 485 370 565 quibus
392 503 488 565 prena
508 496 577 547 sunt
598 487 712 568 legibus
733 489 909 562 constituta,
933 485 1095 548 convicium
1114 503 1183 546 vero
1203 483 1367 558 maledicta

268 586 386 650 anuum,
398 577 502 658 quibus
522 578 630 640 inimici
643 599 695 659 pro
713 600 767 639 sua
780 579 902 658 quisque
919 577 1016 639 indole
1030 577 1078 638 alii
1092 576 1165 636 alios
1178 573 1255 635 forte
1271 576 1368 655 impe-

266 679 342 729 tunt.
365 670 570 732 Construxisse
584 683 683 732 autem
695 671 820 751 majores
833 667 948 732 nostros
961 671 1024 730 haec
1038 670 1101 730 fors
1109 667 1261 744 judicialia
1277 679 1366 746 puto,

267 781 329 820 non
342 772 376 821 ut
388 763 471 822 robis
485 783 504 823 a
516 765 682 824 domesticis
696 765 781 824 rebus
795 764 853 822 huc
867 764 1035 823 convocatis
1048 759 1207 820 maledicta
1219 760 1292 818 inter
1304 779 1366 819 nos

268 853 349 913 dictu
362 854 473 914 nefaria
482 858 657 933 jaceremus,
676 855 729 915 sed
743 866 869 914 atreum
888 871 1089 933 coarguamus,
1106 851 1210 930 siquis
1224 851 1298 910 tone
1315 852 1366 910 in·

264 945 370 1024 juriam
384 946 483 1006 iecerit
505 949 681 1027 reipublicae.
712 949 789 1008 Haec
802 953 869 1007 curn
890 945 1148 1016 sciretAEschines
1169 963 1253 1024 aeque
1273 953 1366 1024 atque

267 1055 334 1115 ego,
348 1049 509 1099 scommata
524 1053 622 1099 minen
635 1039 748 1100 effutire
762 1039 864 1098 maluit
885 1058 973 1118 quam
983 1056 1134 1124 accusare.

311 1131 359 1187 38.
381 1131 577 1190 Veruntamen
590 1151 625 1190 ne
638 1132 696 1192 hac
715 1132 833 1210 quidem
846 1131 875 1190 in
890 1151 920 1188 re
934 1149 1048 1208 aequum
1070 1137 1115 1188 est
1131 1137 1165 1187 ut
1182 1127 1242 1197 ille,
1264 1127 1363 1186 minus

269 1239 349 1296 quum
362 1224 467 1297 attolit,
480 1223 601 1282 auferat.
635 1223 703 1284 Jam
717 1224 816 1299 itaque
829 1242 874 1282 me
888 1222 926 1282 ad
939 1222 1004 1280 haec
1017 1221 1175 1292 conseram,
1190 1219 1215 1278 si
1227 1218 1283 1278 boc
1297 1228 1365 1278 tan-

269 1321 332 1372 tum
346 1315 383 1372 ab
401 1332 437 1372 eo
450 1313 620 1391 quasivero.
657 1315 760 1372 Utrum
775 1321 804 1372 te
820 1313 895 1392 quis,
915 1311 1065 1383 AEschine,
1083 1311 1248 1390 reipublicae
1269 1311 1366 1369 inimi-

268 1423 338 1464 cum
360 1424 398 1464 an
411 1423 509 1464 meum
522 1423 588 1464 esse
602 1404 702 1464 dicati
724 1405 828 1465 Meum
842 1403 960 1462 scilicet.
996 1405 1098 1481 ltaque
1118 1402 1168 1460 ubi
1187 1402 1240 1462 tibi
1253 1401 1368 1462 licebat

270 1496 375 1555 horum
389 1516 480 1557 causa
494 1517 598 1576 poenas
612 1517 630 1556 a
642 1517 688 1557 me
702 1498 815 1576 legibus
829 1505 975 1574 expetere,
989 1495 1098 1572 siquid
1117 1492 1195 1554 male
1211 1494 1362 1566 fecissem,

269 1589 435 1668 neglexisti,
456 1590 486 1648 in
500 1590 659 1650 rationibus
676 1589 844 1659 referendis,
865 1587 895 1646 in
918 1586 1152 1648 accusationibus
1175 1586 1310 1665 publicis,
1330 1588 1363 1646 in

270 1681 333 1740 aliis
344 1681 485 1759 judiciis:
507 1682 557 1740 ubi
579 1700 648 1740 vero
666 1700 722 1757 ego
744 1681 828 1738 rebus
852 1679 987 1739 omnibus
1009 1679 1121 1757 integer
1142 1696 1217 1748 sum,
1237 1678 1364 1758 legibus,

270 1781 411 1850 tempore,
425 1771 482 1830 diei
492 1770 720 1849 prascriptione,
733 1771 832 1831 multis
844 1770 961 1851 judiciis
972 1771 1018 1830 his
1029 1771 1066 1829 de
1076 1771 1162 1830 rebus
1172 1779 1259 1831 antea
1268 1771 1366 1848 lactis,

270 1881 306 1920 eo
334 1862 457 1940 denique
477 1861 557 1939 quod
577 1861 685 1921 nullius
709 1881 836 1939 unquam
856 1862 887 1920 in
914 1881 964 1922 vos
985 1863 1098 1942 peccati
1117 1863 1264 1922 convictus
1285 1882 1367 1934 sum,

269 1971 394 2034 cumque
414 1954 453 2014 ad
474 1952 620 2012 civitatem
639 1971 676 2011 ex
697 1952 732 2012 iis
756 1975 822 2032 quae
840 1955 954 2033 publice
979 1965 1061 2033 gesta
1082 1965 1151 2013 sunt
1172 1954 1236 2034 plus
1260 1954 1364 2015 minus

270 2046 370 2124 gloria
382 2050 483 2108 redeat
497 2067 614 2108 necesse
624 2057 680 2120 est,
692 2047 741 2108 hic
755 2061 787 2108 tu
802 2050 955 2110 obstitisti?
976 2050 1061 2124 Vide,
1077 2071 1114 2110 ne
1127 2052 1229 2110 horum
1243 2050 1364 2129 quidam

269 2135 402 2202 inimicus
425 2142 476 2214 sis,
499 2161 567 2200 cum
581 2159 677 2200 meum
693 2161 758 2202 esse
776 2153 806 2204 te
819 2143 923 2222 fingas.

268 2279 272 2285 .
311 2234 360 2292 39.
381 2232 541 2312 Postquam
559 2233 647 2313 igitur
665 2233 803 2313 religiosa
823 2255 855 2296 ac
866 2237 948 2316 justa
968 2235 1119 2296 sententia
1141 2235 1270 2296 ferendae
1290 2236 1362 2296 ratio

269 2325 402 2386 omnibus
415 2337 575 2386 monstrata
589 2337 643 2399 est,
657 2337 772 2406 oportet
785 2347 842 2400 me,
856 2339 889 2388 ut
900 2327 1021 2400 videtur,
1036 2328 1104 2388 licet
1117 2337 1221 2388 natura
1243 2330 1362 2388 minime

269 2417 453 2492 maledicum,
467 2430 584 2501 propter
598 2439 635 2479 ea
647 2440 713 2498 quoe
726 2421 774 2480 hic
785 2420 890 2480 effutiit
905 2419 1045 2492 convicia,
1059 2440 1111 2501 pro
1125 2422 1224 2481 multis
1237 2431 1266 2481 et
1280 2421 1364 2480 falsis

269 2513 424 2571 criminibus
441 2534 537 2592 pauca
553 2514 677 2573 maxime
691 2516 857 2575 necessaria
869 2517 906 2574 de
920 2516 982 2595 ipso
1002 2515 1108 2587 dicere,
1122 2527 1152 2575 et
1165 2516 1250 2576 simul
1264 2528 1364 2577 osten-

270 2602 351 2675 dere,
375 2606 441 2682 quis
465 2605 515 2663 ille
540 2614 571 2663 et
598 2626 616 2663 a
638 2606 744 2682 quibus
759 2616 839 2666 ortus
864 2616 924 2667 tam
939 2608 977 2667 sit
999 2609 1037 2667 ad
1057 2608 1179 2667 alterum
1201 2608 1363 2671 maledictis

269 2696 488 2775 provocandum
507 2705 538 2754 et
559 2696 598 2754 sd
618 2698 706 2754 verba
718 2698 855 2773 quaedam
874 2698 1048 2777 exagitanda
1064 2710 1193 2778 paratus,
1212 2720 1279 2761 cum
1299 2704 1362 2781 ipse

271 2803 307 2843 ea
323 2784 439 2843 locutus
462 2787 509 2859 sit,
532 2806 598 2863 quae
623 2788 689 2864 quis
711 2798 756 2846 est
775 2788 863 2848 homo
882 2790 970 2868 paulo
992 2790 1149 2851 modestior
1167 2794 1217 2871 qui
1235 2795 1362 2873 proferre

272 2894 329 2933 non
347 2876 548 2935 vereaturl-.
588 2878 619 2935 Si
633 2878 710 2937 enim
725 2878 835 2939 AEacus
851 2891 902 2940 aut
923 2882 1162 2943 Rhadamanthus
1187 2895 1238 2946 aut
1261 2886 1363 2950 Minos

270 2968 394 3026 essetis
415 2969 464 3045 qui
482 2981 612 3041 accusat,
626 2990 684 3028 non
703 2970 814 3033 blatero
836 2973 940 3047 inanis,
959 2974 1061 3035 rabula
1080 2975 1213 3049 detritus,
1230 2979 1361 3057 perditus

270 3058 375 3130 scriba,
390 3077 448 3118 non
463 3069 638 3119 tamencum
653 3062 775 3123 arbitror
787 3065 855 3125 talia
864 3065 954 3125 luisse
969 3068 1115 3128 dicturum
1128 3089 1223 3148 neque
1236 3080 1298 3130 tam
1307 3074 1360 3132 im·

270 3159 397 3228 portans
410 3153 497 3211 verba
515 3153 752 3231 conquisitorum,
773 3166 911 3234 tanquam
923 3156 953 3217 in
966 3160 1110 3237 tragoedia
1124 3161 1322 3223 clamitantem
1341 3184 1360 3223 o

269 3251 381 3304 terra
403 3253 443 3302 et
463 3243 523 3303 sol
545 3255 585 3303 et
604 3246 733 3307 virtus
757 3258 787 3307 et
801 3249 914 3320 similia,
931 3260 960 3309 et
976 3270 1075 3311 rursus
1089 3252 1310 3333 intelligentiam
1330 3270 1361 3317 et

271 3334 432 3394 doctrinam
446 3336 638 3409 invocantem,
661 3356 738 3415 qua
759 3338 925 3399 honesta
953 3343 996 3400 ab
1021 3343 1256 3405 inhonestis
1279 3346 1359 3407 dis-

270 3438 511 3486 cernuntur:
531 3427 651 3487 audistis
664 3429 741 3489 enim
762 3450 828 3490 cum
843 3430 905 3491 haec
919 3430 1038 3505 diceret,
1054 3434 1171 3494 scilicet.
1213 3438 1276 3499 Tibi
1289 3459 1359 3500 sero

271 3526 323 3574 aut
332 3517 399 3589 tuis,
413 3518 633 3597 sterquilinium,
646 3540 739 3599 ecqua
762 3522 876 3582 virtutis
897 3524 1089 3607 communitas
1110 3526 1178 3585 est?
1198 3548 1291 3607 ecqua
1312 3550 1360 3591 re-

270 3626 334 3666 rum
356 3608 541 3669 honestarum
563 3623 615 3672 aut
638 3612 856 3673 inhonestarum
883 3613 1073 3694 dijudicatio?
1094 3618 1172 3679 unde
1196 3633 1284 3682 nacto
1307 3636 1361 3684 aut

270 3697 387 3779 quinam
398 3699 568 3777 dignitatem
581 3723 644 3762 eam
659 3705 789 3783 adepto?
810 3706 869 3765 Ubi
889 3706 939 3765 tibi
952 3706 1115 3769 doctrinam
1134 3730 1360 3777 commemorare

269 3792 314 3852 fas
327 3801 381 3863 est,
395 3810 482 3868 quam
496 3794 546 3871 qui
561 3814 627 3854 vere
640 3790 792 3857 consecuti
811 3808 879 3857 sunt
900 3816 985 3858 nemo
1007 3810 1103 3861 tamen
1124 3822 1226 3863 eorum·
1242 3816 1288 3867 est
1309 3810 1360 3887 qui

269 3884 328 3945 tale
341 3884 493 3963 quicquam
512 3885 549 3943 de
567 3906 599 3944 se
621 3889 831 3965 predicarent,
845 3892 898 3951 sed
912 3891 958 3951 rel
978 3892 1033 3952 alio
1047 3894 1077 3954 id
1097 3886 1272 3973 predicante
1294 3920 1360 3960 eru-

268 3979 420 4039 besceret:
442 3976 461 4034 ii
482 3994 551 4035 sero
569 3978 617 4054 qui
639 3998 675 4037 ea
696 3992 797 4039 carent
819 3982 894 4041 sicut
907 3992 1022 4062 tu,prae
1037 3995 1154 4066 stupore
1173 3998 1271 4049 tamen
1293 4013 1357 4052 cor·

270 4071 315 4130 dis
329 4072 435 4130 habere
449 4088 481 4129 se
497 4068 644 4140 simulant,
659 4070 689 4129 id
703 4073 820 4132 taudem
838 4089 1063 4154 consequuntur,
1077 4090 1109 4138 ut
1127 4082 1271 4142 auditores
1287 4105 1359 4146 ene-

270 4175 338 4223 cent
350 4162 562 4244 quidem,'dum
578 4162 643 4222 haec
661 4164 804 4239 effutiunt,
819 4166 905 4227 talem
925 4180 1021 4229 autem
1035 4170 1072 4231 de
1087 4192 1118 4231 se
1129 4174 1291 4253 opinionem
1305 4196 1359 4237 ne·

194 4249 199 4265 ¹
271 4269 415 4333 quaquam
429 4256 554 4333 pariant.

310 4348 360 4403 40.
381 4346 441 4406 Sed
455 4368 522 4408 curn
532 4346 601 4408 mihi
611 4368 668 4409 non
683 4348 758 4408 desit
771 4352 848 4429 quod
863 4352 900 4413 de
913 4365 991 4415 teac
1006 4356 1043 4417 de
1056 4346 1120 4417 iuis·
1130 4358 1298 4421 dicendum·
1308 4364 1355 4436 sit,

270 4436 349 4496 unde
361 4439 541 4515 potissimum
557 4442 667 4501 initium
680 4443 795 4503 dicendi
809 4445 912 4527 faciam
928 4446 1021 4507 deest.
1063 4450 1164 4509 Utrum
1177 4454 1213 4511 ab
1229 4454 1353 4533 eoquod
