2934 5000
345 321 401 382 DE
423 323 683 385 RHODIORUM
704 324 948 389 transuere„
1143 327 1204 386 tfflt

105 474 282 537 ddeadisse
321 479 399 543 Qura
415 497 482 538 cum
500 479 717 559 compici'airtur
728 480 766 540 ab
778 481 923 552 ommtm,
937 480 1120 554 edomat
1131 479 1209 542 onr—r
1254 495 1262 514 ·

106 585 161 626 nes
171 567 273 645 plebeii
286 568 656 632 manutenementum
671 583 796 634 vestram
816 573 1024 632 incolumitatis
1046 591 1109 634 sues
1129 583 1194 633 tsn-
1262 585 1268 593 ’

104 679 192 739 mam
206 671 345 722 tesseram
358 683 422 724 esse
429 665 581 743 judicentr
602 667 864 745 aequevarotobis
873 667 966 725 nilum
977 666 1074 745 majus
1084 668 1195 726 honen

105 752 201 812 offerri
215 763 313 832 queat,
329 772 415 833 quam
439 758 465 815 si
485 775 585 818 omnes
607 759 961 820 ultrobeneaolentiavos
974 759 1062 817 nuliis
1073 759 1195 838 suspici·
1206 801 1209 810 ,

105 845 209 906 ιιιιὶΙιιιι
222 847 350 907 obnoxia
363 859 583 927 prosequantur.

93 1019 97 1026 Ι
117 937 175 998 3
197 940 408 1015 atterentem,
418 961 486 1003 cum
498 943 617 1003 eosdem
627 944 850 1011 sidecsaadero
859 944 968 1004 civitati
970 894 1194 1022 ,utprodsten

107 1031 188 1092 sione
205 1033 406 1114 Egyptiorum
431 1034 585 1098 Portarum
605 1037 668 1115 regi
686 1037 883 1107 aduenetur,
874 1055 905 1094 m
919 1052 1011 1097 causa
1023 1033 1133 1095 Rhodii
1145 1051 1210 1114 po-·

107 1125 168 1204 puli
189 1123 319 1187 eandem
340 1129 421 1188 itiunr
442 1130 588 1190 hominem
610 1128 775 1190 formidare.
817 1127 893 1189 Gom
913 1129 968 1188 hos
988 1146 1053 1190 essa
1074 1129 1196 1190 Grecos

106 1219 201 1280 sciam
209 1236 330 1290 omnm
351 1220 418 1282 illos
431 1223 488 1282 suh
502 1219 578 1282 iiiios
590 1217 713 1302 imperio
725 1223 851 1282 cadere„
1206 1235 1210 1243 ·

144 1316 176 1372 4.
198 1313 309 1392 Opinon
321 1324 418 1374 sutem
431 1315 598 1376 meminisse
610 1326 739 1375 vestrum
752 1315 906 1394 quosdam,
919 1331 986 1373 crau
999 1314 1037 1373 de
1053 1314 1134 1392 regio
1145 1321 1198 1373 ne'·

107 1405 188 1483 gotio
198 1404 415 1478 deliberaretur,
423 1427 469 1466 me
482 1427 535 1487 pro
549 1409 690 1468 concione
699 1408 847 1467 monuisse
859 1406 993 1485 primurn,
1002 1422 1038 1465 ac
1047 1405 1103 1465 uisi
1116 1405 1213 1465 tuter·

106 1495 203 1554 solum
215 1497 302 1555 etiem
319 1507 371 1556 aut
391 1499 535 1558 duntaxat
550 1519 616 1558 cum
627 1500 729 1572 altero,
742 1499 833 1558 videri
850 1498 921 1556 mihi
934 1498 1082 1576 sapienter
1092 1515 1145 1554 sos
1155 1497 1200 1572 taff

107 1597 218 1660 ctums,
232 1589 258 1647 si
271 1605 388 1649 causans
401 1592 609 1666 instructionis,
624 1611 682 1652 non
696 1591 941 1668 inimicitiasque
951 1607 1016 1648 curn
1029 1607 1066 1648 eo
1078 1589 1211 1648 interce·

108 1679 211 1739 derent
223 1681 451 1760 praetenderetis,
467 1685 519 1743 sed
533 1686 557 1744 si
572 1695 602 1745 et
611 1687 750 1745 adsersus
764 1695 860 1744 certos
873 1681 971 1741 hostes
984 1699 1037 1740 vos
1051 1681 1202 1761 pararetis,

109 1781 139 1831 at
151 1772 231 1832 illum
246 1775 343 1847 etiam,
359 1776 383 1835 si
403 1793 453 1835 vos
474 1777 618 1837 lacessere
641 1779 816 1850 institueret,
833 1772 1054 1834 ulcisceremini.
1095 1775 1200 1850 Neque

108 1881 176 1924 sero
188 1887 244 1945 ego
255 1885 324 1926 curn
341 1868 405 1926 haec
419 1869 565 1942 dixissem,
579 1871 661 1930 robis
678 1889 738 1931 non
751 1880 831 1928 recte
853 1866 951 1927 dicere
967 1882 1032 1925 sum
1044 1865 1135 1938 risus,
1147 1864 1201 1926 sed
1301 1904 1305 1934 :

108 1957 190 2016 vobis
204 1958 289 2017 etiam
305 1959 406 2017 eadem
418 1951 601 2036 placuerunt.
644 1961 731 2026 Quod
746 1961 833 2036 igitur
844 1979 922 2017 nunc
940 1957 1047 2029 dicam,
1059 1955 1093 2015 id
1113 1955 1202 2018 orati·

108 2047 367 2110 onistuachabitae
377 2051 495 2127 sequela
507 2053 576 2109 erit:
598 2052 755 2126 egoenim,
769 2053 794 2108 si
807 2069 859 2109 rex
872 2049 986 2108 meiiiic
1001 2050 1155 2127 degentem
1169 2052 1200 2110 in

107 2137 261 2199 consilium
273 2140 431 2210 adhiberet,
444 2140 520 2198 idem
535 2141 562 2198 ei
575 2139 726 2196 caederem
737 2139 817 2214 quod
830 2139 929 2196 vobtsz
952 2140 996 2198 Ut
1007 2158 1060 2215 pro
1068 2157 1123 2198 sua
1135 2141 1212 2202 diti-'

108 2249 166 2293 one
179 2231 289 2291 beilum
301 2239 424 2310 gereret,
437 2230 462 2288 si
476 2230 540 2308 quis
555 2229 758 2289 adversaretur
771 2227 938 2286 Graecorum
950 2244 958 2294 ι
979 2233 1212 2305 quosveronihih

107 2325 230 2384 adeum
249 2323 415 2394 attinerent,
432 2338 533 2382 eorum
554 2319 734 2389 dominatum
752 2319 795 2377 nti
814 2335 933 2397 prorsus
949 2339 1011 2377 non
1023 2321 1202 2386 vendicaret.
1299 2389 1303 2394 ⁸

109 2417 197 2484 Quod
214 2417 239 2476 si
262 2415 382 2477 omniuo
405 2414 585 2486 decrevistis,
601 2411 804 2484 Athenienses,
818 2411 955 2491 quicquid
970 2411 1036 2471 Rex
1053 2418 1203 2494 occuparit

110 2512 325 2572 antevertendis
344 2520 374 2570 et
397 2508 575 2588 decipiendis
596 2506 768 2585 oppidorum
791 2506 1014 2585 magistratibus,
1026 2508 1200 2582 concedere,
1238 2568 1242 2576 ,

45 2659 55 2677 ,
110 2622 168 2663 non
185 2614 264 2663 recte
283 2602 449 2662 decretistis
471 2608 505 2658 ut
523 2615 579 2678 ego
590 2598 701 2677 judico.
744 2598 794 2657 Sin
808 2598 925 2657 tuendae
934 2598 1057 2678 justitiae
1070 2615 1160 2661 causa
1171 2612 1203 2663 et

110 2694 336 2777 betiagerenda‚
351 2695 375 2754 si
395 2692 433 2750 sit
454 2692 704 2773 opas,etquidris
725 2690 945 2770 perpetiendum
968 2707 1035 2750 esse
1053 2693 1202 2771 putabitis,

110 2787 231 2866 paurum
250 2796 332 2847 tanto
346 2782 441 2841 minus
460 2783 516 2843 hoc
535 2799 653 2843 necesse
667 2782 748 2842 vohis
761 2783 826 2854 erit,
840 2792 953 2861 quanto
968 2786 1149 2846 constantius
1162 2789 1203 2847 ita

111 2878 259 2946 sentietis;
279 2874 548 2935 deiudeoonsiiium
562 2874 1068 2959 etjudiciumsestrumprobabitur.
1207 2884 1212 2891 '

150 2973 179 3029 5.
200 2970 268 3029 Jam
281 2979 316 3026 ut
326 2966 434 3039 sciatis,
444 2984 539 3046 neque
553 2984 599 3027 me
609 2969 767 3047 quicquam
779 2966 846 3026 nori
867 2966 962 3026 dicere
975 2969 1024 3047 qui
1037 2968 1212 3033 libertatem

110 3060 231 3121 Rhodiis
239 3059 349 3118 restitui
355 3059 484 3137 jubeam,
493 3076 588 3137 neque
600 3076 663 3130 ros,
678 3060 703 3117 si
716 3059 785 3117 mrhi
799 3057 982 3131 auscuitetis,
995 3058 1132 3134 facturos,
1140 3083 1201 3123 rem

108 3151 257 3232 quandam
271 3160 337 3228 quse
351 3150 471 3209 attacta
490 3161 536 3211 est
548 3160 578 3209 et
589 3151 698 3229 profuit
715 3151 797 3209 tobis
819 3150 849 3209 'ur
870 3150 1039 3209 memoriam
1052 3156 1214 3215 revocabo!

109 3244 175 3304 Vos
190 3242 375 3301 Timotheum
384 3242 541 3319 aliquando
550 3258 616 3303 com
627 3242 750 3320 imperio
762 3240 891 3311 misistis,
906 3241 1108 3315 Athenienses,
1118 3263 1204 3324 opem

107 3341 237 3399 latarum
253 3324 450 3406 Ariobarzani,
462 3335 499 3393 ad
514 3334 661 3419 decretum
674 3335 730 3393 hac
738 3334 854 3409 adjecta
863 3332 1005 3404 clausula,
1014 3344 1048 3392 ut
1059 3349 1097 3394 ne
1109 3336 1213 3399 soedus·

110 3434 218 3491 mtrem
237 3443 305 3489 cum
318 3427 402 3505 Rege
415 3427 545 3491 violaret.
586 3426 662 3483 Cum
676 3435 774 3484 eutem
787 3423 962 3483 dissideret
979 3424 1203 3490 Ariobarmnem

110 3528 208 3609 palam
222 3523 379 3583 descivisse
394 3538 412 3581 a
428 3518 522 3599 Rege,
539 3520 770 3579 sacramentam
791 3514 927 3595 presidio
949 3518 1040 3577 teneri
1061 3520 1204 3601 acypm.

111 3619 248 3692 themide,
262 3634 349 3697 quem
371 3616 512 3693 'tigranes
535 3612 626 3692 Regis
648 3612 805 3691 praefectus
816 3610 882 3669 urbi
895 3610 1072 3688 prefecerat,
1085 3612 1126 3673 illi
1137 3617 1211 3695 qui·

113 3714 179 3773 dam
194 3730 279 3791 opem
291 3710 366 3769 terra
377 3706 530 3777 recusarit,
546 3706 699 3766 hancvero
708 3704 859 3764 obsidione
872 3703 962 3763 cinxit
973 3704 1137 3785 auxilioque
1150 3726 1204 3766 suo
1245 3738 1250 3751 =

113 3805 262 3871 liberatur
284 3822 339 3863 nec
354 3802 384 3860 in
395 3802 475 3861 hunc
488 3817 583 3879 usque
597 3800 675 3859 diem
693 3797 802 3857 betium
819 3808 973 3877 propterea
985 3800 1067 3859 robis
1089 3800 1203 3859 illatum

113 3908 176 3958 est:
199 3915 284 3957 nemo
297 3895 374 3955 enim
387 3903 433 3953 est
445 3892 494 3972 qui
507 3892 570 3972 peri
582 3890 767 3953 contentione
785 3898 877 3951 certet
889 3890 1052 3970 rapinarum
1070 3909 1162 3951 causa
1174 3901 1215 3951 et'

114 4008 184 4070 opes
201 3990 330 4071 proprias
345 3986 539 4047 defendendi:
561 3984 614 4044 sed
632 4002 684 4064 pro
701 3982 746 4042 hds
757 3983 872 4061 quade
886 3984 1126 4053 concuterentur,
1140 3997 1203 4041 om·

115 4100 166 4141 nes
181 4098 296 4141 summa
309 4081 337 4138 vi
356 4080 508 4159 pugnani;
531 4078 569 4137 de
587 4076 691 4137 tinibus
714 4087 812 4136 autem
830 4075 1028 4154 propagandis
1042 4073 1203 4152 opibusque

115 4174 269 4253 augendis,
281 4193 340 4233 non
355 4174 422 4231 itern
434 4191 442 4231 ε
458 4179 597 4251 appetunt
610 4169 651 4229 illi
661 4170 778 4248 quidem
789 4168 891 4239 aliena,
902 4168 926 4225 si
938 4185 1023 4225 nemo
1035 4163 1202 4242 pronibere

116 4266 162 4326 sio
171 4266 336 4336 obsistatur,
351 4282 383 4324 se
397 4262 433 4325 ab
444 4264 490 4324 his
503 4264 552 4342 qui
566 4262 711 4323 adversati
719 4269 789 4321 sunt
800 4260 887 4318 laesos
902 4272 969 4316 esse
982 4274 1039 4315 non
1049 4266 1175 4335 putant.¹

154 4363 188 4418 6.
208 4357 391 4417 Artemisiam
405 4373 492 4436 porro
514 4374 550 4415 ne
565 4354 780 4414 adversatorem
801 4350 918 4429 quidem
932 4348 1077 4409 essehuic
1097 4354 1204 4431 agendi

117 4450 332 4521 consuetudini,
348 4449 396 4509 ahi
409 4460 510 4509 nostra
523 4448 592 4506 urbs
604 4446 662 4523 jam
680 4444 828 4522 negotium
844 4440 1015 4519 susceperit,
1029 4443 1130 4522 paucis
1153 4447 1217 4506 arr-²
