2934 5000
459 436 462 444 Ι
530 342 586 408 ue
609 347 796 410 concur.
1149 341 1208 412 rm

8 499 9 505 ’
115 497 252 558 sulm
270 497 350 560 tllqtt·
365 499 537 561 uramara·
557 501 666 565 allisque,
686 503 729 565 qai
752 517 811 551 uano
827 501 920 570 quidem
934 493 1096 565 priveti‘anat,
1112 506 1208 568 cupiant

114 579 190 622 auten
201 574 347 622 vslrcncntcr
358 583 385 623 at
394 575 489 638 diapta
498 593 550 640 qna
565 593 626 626 aare
637 577 695 626 milri
704 593 758 626 cnm
769 595 798 628 aa
808 579 934 642 ht'cpcadit
948 579 1050 628 amicit&
1065 581 1152 630 balla·
1163 597 1207 644 po·

112 651 181 712 palus
190 652 310 708 intanta,
320 651 391 712 idque
402 658 428 699 ut
442 653 482 700 flat
496 653 569 702 multo
579 656 665 714 majore
676 655 755 704 stadie
764 656 905 703 contendunt
916 671 984 718 qaam
996 665 1022 705 at
1038 657 1204 718 Selymbrianir

110 729 261 789 opitulentur.
283 730 387 790 Eamque
398 745 446 777 ran
455 731 502 778 ailri
513 733 612 791 questui
623 732 672 778 iore
683 731 818 780 existimant
830 751 836 778 z
855 749 933 781 rarum
945 750 989 796 ego
1000 750 1045 782 uon
1053 735 1151 782 arbitror
1161 751 1204 782 nec

110 804 167 850 nihi
177 819 222 851 uso
233 805 300 851 roim
310 803 335 850 id
347 803 469 866 quicquam
480 806 632 866 prolatarum.
658 808 816 867 Quamobrem
827 815 851 856 st
863 809 954 872 navigia
965 825 1017 872 qam
1034 810 1063 857 ad
1075 825 1116 858 aar
1127 811 1205 860 delata

111 887 165 928 suut
174 881 243 928 vobis
253 867 340 948 ἴῳηιι
347 880 450 938 παίω,
456 897 485 928 ac
493 881 517 928 in
527 889 647 943 portemus
657 884 677 931 si
685 884 779 944 quidem
792 886 938 946 mgismtna
949 893 1042 934 vestros
1053 902 1127 948 remp.
1138 887 1203 935 mali·

111 955 172 1004 tissa
190 957 351 1004 administrare
361 972 406 1004 noa
417 955 507 1013 ductis,
521 957 577 1019 qaia
587 957 611 1005 in
622 973 666 1005 coa
674 960 872 1017 animadvertetis,
890 977 934 1024 ego
945 977 1037 1025 qnoque
1047 963 1099 1025 psci
1110 979 1204 1012 counr-

109 1037 192 1086 vaada
199 1051 293 1100 operm
301 1037 369 1084 dabo.
403 1037 494 1084 Valctc.

148 1195 199 1268 242
219 1206 374 1288 Nusquam
384 1208 434 1268 hic
446 1206 650 1268 Demosthenis
662 1225 768 1268 nomen
783 1208 891 1286 posuit,
906 1208 1016 1268 nullam
1036 1209 1064 1266 iu
1080 1228 1124 1270 me
1138 1211 1201 1270 cul·

105 1319 176 1380 pam
196 1299 305 1374 injecit.
355 1300 417 1360 Cur
438 1301 537 1379 igitur,
556 1317 626 1359 cum
651 1299 723 1358 alios
743 1298 918 1372 criminetur,
937 1299 1047 1358 nullam
1065 1299 1103 1358 de
1126 1302 1198 1360 meis

104 1393 194 1450 rebus
216 1391 309 1468 gestis
327 1391 506 1451 mentionem
526 1391 618 1451 faciti
658 1389 738 1456 Quia
751 1391 788 1450 de
804 1392 864 1450 suis
878 1393 908 1448 ir
928 1411 975 1449 nos
992 1391 1101 1472 injuriis
1115 1411 1198 1451 men-

104 1483 215 1541 tionem
225 1481 353 1554 secisset,
365 1483 390 1542 si
401 1484 473 1563 quid
487 1483 524 1544 de
537 1501 586 1543 me
595 1483 768 1562 scripsisset.
789 1481 844 1542 His
854 1479 935 1541 enim'
944 1502 999 1561 ego
1013 1482 1197 1554 inhoerebam,

105 1573 209 1654 hisque
220 1573 405 1634 adversabar.
443 1577 493 1636 Ac
507 1574 630 1654 primum
643 1573 723 1634 illam
735 1575 766 1634 in
781 1573 1012 1654 Peloponnesum
1024 1574 1199 1652 legationem

104 1665 233 1739 decrevi,
246 1686 306 1746 quo
318 1677 449 1746 tempore
461 1666 487 1726 is
501 1667 531 1726 iu
546 1666 782 1746 Peloponnesum
795 1663 929 1745 irrepsit:
951 1664 1057 1726 deinde
1079 1665 1199 1724 alteram

102 1760 133 1819 in
149 1759 394 1832 Euboem'crim
421 1759 566 1819 aunem
590 1755 763 1826 amentavit:
794 1747 1008 1836 expeditionem
1030 1755 1140 1816 deiude
1164 1755 1196 1814 in

103 1852 222 1925 Oreum,
234 1871 295 1912 non
307 1852 370 1931 jam
390 1851 575 1930 legationem,
597 1859 687 1930 atque
708 1851 830 1910 alteram
850 1850 880 1909 in
900 1849 1052 1916 Eretriam,
1076 1855 1195 1928 postea·

102 1963 190 2022 quam
203 1943 408 2024 tyrannosiste
419 1943 448 2002 in
462 1943 636 2004 mortibus
645 1942 847 2002 oonsfituerat.
862 1941 1014 2002 Postremo
1023 1939 1132 2028 classes
1143 1957 1194 1999 eas

103 2053 206 2096 omnes
225 2029 339 2107 immisi,
352 2037 457 2112 quibus
470 2045 501 2094 et
516 2035 719 2095 Chersonesus
738 2045 768 2094 et
777 2033 952 2111 Byzantium
968 2034 1000 2089 et
1013 2031 1084 2090 socii
1095 2049 1197 2090 omnes

104 2138 176 2188 suat
191 2127 367 2188 eonsemati.
409 2126 591 2186 Undesobis
607 2126 806 2204 pulcherrima
827 2123 878 2182 illa
895 2130 966 2180 nata
986 2133 1064 2193 sunt,
1081 2123 1197 2198 laudea,

102 2219 208 2300 gloria,
219 2219 358 2293 humeae,
375 2235 504 2296 ccronoe,
517 2216 617 2296 gemin
625 2219 665 2273 ab
675 2215 712 2271 iis
725 2215 780 2286 qui
792 2212 966 2270 beneficiam
981 2231 998 2271 a
1011 2214 1093 2273 vobis
1109 2234 1194 2276 accc·

100 2323 227 2391 perant:
258 2329 359 2370 eornm
384 2318 480 2369 autem
503 2308 608 2385 quibus
630 2305 655 2362 is
674 2299 808 2390 injuriam
831 2298 966 2390 iaciebat,
993 2304 1089 2383 siqui
1112 2307 1196 2365 vobis

97 2412 270 2483 paruerunt,
290 2401 417 2462 salutem
436 2397 537 2476 adepti
558 2405 638 2458 sant.
659 2391 830 2482 qui-autem
851 2390 1050 2468 neglexerunt,
1065 2395 1115 2452 loc
1129 2406 1196 2455 sant

99 2495 237 2557 marcenti
249 2503 282 2554 nt
294 2504 326 2555 et
337 2512 373 2549 ea
382 2506 449 2567 quse
461 2479 658 2561 predixeratis
671 2497 751 2559 saepe
772 2481 1005 2557 recordarentur,
1015 2504 1193 2564 vosquenon

99 2588 196 2650 „tm
213 2580 321 2660 optime
338 2580 394 2639 afri
413 2573 541 2633 voluisse
563 2568 628 2633 sed'
638 2581 670 2632 et
681 2571 839 2651 prudentes
853 2574 937 2635 -viros
958 2585 990 2635 et
1007 2588 1089 2638 vates
1102 2578 1193 2639 fuisse

95 2680 277 2761 judicarem
299 2667 398 2729 omnia
410 2666 488 2726 caim
502 2664 731 2745 quacunquciis
740 2666 927 2744 praedixistis,
941 2680 1110 2729 evenerunt.
1155 2684 1157 2689 '

113 2770 189 2827 26
208 2760 299 2841 Atqui
309 2778 419 2839 niagno
430 2752 596 2837 emptarum
618 2755 710 2815 fuisse
734 2754 929 2831 Philistidem,
942 2766 977 2817 ut
990 2758 1097 2819 Oreum
1107 2766 1190 2822 terre·

97 2872 274 2936 mosagao
287 2851 478 2924 Clitarchum,
490 2858 526 2909 ut
541 2848 686 2909 Eretriam
704 2848 875 2939 possideret,
899 2870 1007 2929 magno
1022 2851 1190 2933 Philippum

97 2955 245 3033 ipsum,ut
256 2947 323 3007 luae
334 2938 649 3022 contra‘vospr'msidia
660 2940 793 3015 haberet,
804 2960 859 3001 uec
868 2942 1028 3003 decretoria
1038 2945 1125 3005 rebus
1136 2966 1187 3006 co·

96 3050 278 3123 argueretur,
289 3058 349 3097 nen
361 3038 427 3116 quis
435 3037 524 3097 ineas
534 3048 608 3114 qaas
616 3032 744 3093 iaciebat
753 3034 873 3113 iujurias
886 3054 1011 3114 usquam
1022 3036 1189 3117 inquireret,

93 3140 253 3199 nsmocst
271 3130 322 3208 qai
341 3129 466 3206 ignorat,
479 3126 608 3187 omnium
630 3142 700 3185 vero
717 3125 835 3186 minime
854 3134 905 3209 tu:
925 3125 1028 3205 legati¹
1039 3129 1116 3209 enim
1138 3130 1194 3207 qui·

92 3231 163 3292 tium
179 3244 199 3284 a
219 3220 368 3283 Clitarcho
388 3231 419 3279 et
440 3213 593 3281 Philian'de
610 3218 668 3277 huc
686 3218 854 3290 veniebant,
880 3219 964 3297 apud*
981 3230 1021 3291 te,
1040 3220 1187 3301 AEschlne,

92 3318 325 3386 ffimabannm,
337 3324 428 3391 tuque
447 3311 514 3371 illua
536 3309 664 3390 hospitio
686 3310 803 3390 publico
824 3310 978 3391 excepistir
999 3328 1073 3388 quos
1086 3310 1187 3371 ciuitas

93 3422 191 3477 Μήνα
202 3421 341 3487 tanquam
353 3404 452 3465 hostes
465 3413 496 3463 et
506 3421 602 3482 neque
612 3401 693 3480 justa
710 3416 806 3478 neque
822 3400 904 3461 utilia
919 3400 1076 3461 suadentes
1089 3401 1186 3483 ejecit,

95 3518 128 3569 at
138 3506 191 3567 tibi
203 3517 288 3563 eram
303 3498 399 3560 amici.
440 3495 520 3556 Nihil
533 3494 621 3573 igitar
632 3494 736 3553 nomm
745 3494 859 3554 iactum
872 3497 928 3565 est,
942 3498 960 3551 ὁ
973 3492 1028 3553 mei
1044 3492 1186 3555 maledice

94 3597 265 3666 insectator,
278 3594 328 3672 qni
340 3590 423 3671 dicis,
436 3608 484 3650 mc
506 3578 761 3666 acceptomriuere
781 3595 888 3656 tacere,
912 3580 1085 3665 consumpto
1106 3588 1186 3647 voci·

7 3739 12 3753 .
94 3690 192 3753 serari.
233 3687 281 3745 Tu
299 3703 370 3744 vero
386 3700 458 3741 non«
469 3681 549 3749 item,
568 3677 622 3738 sed
642 3686 674 3737 et
695 3683 759 3735 nrm
775 3675 942 3735 vocifereris
956 3696 1023 3737 cum
1038 3676 1138 3750 habes,
1153 3690 1184 3737 et

94 3798 244 3860 unquam
254 3776 382 3846 dmum,
394 3773 452 3833 nisi
463 3770 495 3831 lri
502 3770 554 3831 tibi
561 3786 663 3829 vocem
671 3767 906 3847 compresserint,
916 3766 1034 3829 iufamia
1042 3768 1194 3877 hodierno

96 3876 283 4027 &adagim
299 3960 388 4040 igitur
400 3954 583 4037 propter-has
598 3970 704 4014 mama
716 3896 904 4011 coenosam
915 3968 1027 4011 carena
1040 3950 1181 4008 donasse·
1278 3934 1282 3941 ’

95 4064 142 4133 tis,
160 4057 380 4138 minacique
394 4046 574 4111 Aristonicus
596 4044 748 4106 decretum
761 4041 863 4108 iisdem
876 4043 964 4122 plane
976 4038 1104 4119 syllanis,
1113 4037 1181 4115 'qui-

94 4156 151 4215 hus
162 4170 245 4212 nunc
253 4148 344 4209 utitur
356 4142 531 4223 ctesiphon,
543 4152 670 4218 cumque
690 4151 807 4197 corono
820 4134 993 4217 predicatio
1014 4131 1092 4215 iacta
1104 4142 1182 4191 esset

95 4247 129 4305 in
147 4244 285 4316 Theatso,
306 4246 394 4318 atque
411 4236 470 4296 lroc
492 4232 651 4293 mnndum
669 4228 740 4291 mihi
757 4234 819 4304 jam
837 4224 973 4303 obtigerit
992 4222 1181 4323 praecepium,

97 4354 195 4416 neque
204 4346 269 4397 tum
279 4321 455 4395 conmadixi't
467 4322 630 4394 dieculam,
642 4340 711 4381 cum
723 4328 832 4401 praesto
850 4322 937 4387 esset,
947 4326 1040 4391 neque
1052 4332 1119 4373 eum
1132 4316 1183 4394 qui

155 4465 159 4474 .
612 4419 675 4473 ῃ
802 4418 843 4453 ,·
951 4432 1010 4445 ..
