2934 5000
335 303 487 366 ORA'I'IO
508 304 590 366 PRO
618 301 966 364 unctiorotms:
1133 295 1191 364 1³5

104 455 173 528 illis,
187 453 273 516 modo
284 473 400 536 equum
411 457 507 518 iecere
520 455 620 530 velint,
633 457 838 538 adjuvantibus
850 478 859 527 ι
879 469 910 521 et
929 458 1041 519 ceur‘u
1061 457 1194 518 omnbus

106 547 313 619 annitentibus,
336 547 441 627 qurlrus
461 547 591 627 iniquum
612 549 726 608 ridetur
745 568 764 609 ι
782 549 929 610 Thebanis
949 547 1044 609 odana
1063 547 1194 608 detineri.

108 639 172 700 Etsi
183 649 278 700 cutem
291 639 347 698 hoc
360 640 444 699 nobis
458 650 538 698 certo
551 645 706 712 constaret,
724 643 781 701 nisi
794 641 1034 702 Laocdtemouios
1046 639 1195 720 Pelopon·

105 747 207 790 nasum
222 732 386 791 subvertere
396 731 565 801 sineremus,
575 749 629 789 noc
640 729 773 810 Oropum
785 753 890 812 cupere
902 753 961 793 non
972 751 1070 812 posse,
1081 731 1195 811 optnbi-

106 821 172 893 lius,
189 822 214 882 si
226 820 322 882 dicere
329 821 428 892 licent,
438 839 543 881 censeo
554 821 672 880 missum
681 822 777 882 lucere
787 823 917 901 Oropum
927 844 1015 903 quom
1027 824 1194 890 Messanam
1250 815 1253 822 ’

106 923 137 972 et
152 912 385 992 Peloponnesum
406 911 689 972 lacedemoniorum
713 912 836 992 objicere
851 913 1008 973 violentius.
1042 913 1105 974 Nec
1117 915 1194 974 enim

106 1005 183 1066 hunc
197 1005 341 1064 duntaxat
354 1004 495 1064 rationem
502 1003 586 1062 nobis
596 1022 663 1062 curn
677 1003 718 1062 eis
732 1023 798 1064 esee
808 1004 951 1064 existimo.
986 1004 1046 1064 Sed
1063 1016 1096 1064 ut
1109 1007 1195 1066 omit·

107 1107 169 1156 tam
182 1093 223 1174 id,
231 1093 313 1174 quod
320 1093 352 1168 in
361 1105 487 1156 mentem
498 1092 567 1154 mihi
576 1102 710 1162 reuerat3
731 1093 803 1154 illud
811 1095 872 1154 lore
879 1097 992 1174 opinor,
1003 1106 1037 1154 ut
1045 1097 1144 1156 multis
1156 1097 1195 1157 de

107 1190 196 1248 rebus
208 1187 411 1267 periclitemur.
461 1249 465 1256 ,

149 1283 180 1340 7.
203 1279 247 1340 Ει
265 1299 349 1359 porro
368 1299 435 1358 quoe
449 1277 675 1358 Megalopolim
695 1277 900 1340 Thebanorum
918 1297 1009 1340 censa
1028 1290 1129 1340 contra
1142 1299 1197 1340 nos

108 1373 205 1452 egitir
218 1371 328 1441 dicunt,
343 1371 501 1432 absurdum
514 1381 569 1444 est,
580 1391 660 1432 nunc
669 1368 861 1432 accusationis
868 1366 993 1453 prolerre
1001 1371 1068 1432 loco
1079 1391 1088 1429 r
1107 1391 1198 1452 quum

109 1471 211 1522 autem
224 1461 308 1521 amici
321 1461 382 1521 fieri
394 1462 505 1534 volunt,
517 1472 551 1521 ut
564 1474 667 1522 eontra
678 1463 764 1522 nobis
777 1463 970 1536 benefaciant,
983 1462 1144 1523 obtrectare
1161 1479 1199 1523 ιο

108 1555 244 1614 omnibus
265 1553 359 1614 modis
382 1554 453 1614 dare
472 1574 590 1634 operum
611 1573 648 1614 ue
668 1555 752 1614 nmini
778 1555 866 1622 liant;
888 1573 942 1615 nec
964 1555 1199 1628 animadvertere,
1236 1569 1240 1574 ·

109 1665 171 1724 quo
185 1645 328 1706 fideliores
349 1665 400 1706 eos
420 1645 510 1706 fuitne
525 1645 670 1706 Thebanis
693 1644 882 1720 ostenderint,
895 1666 932 1707 eo
951 1665 984 1706 ιι
1003 1652 1110 1724 majore
1130 1642 1204 1726 sup->

109 1737 197 1816 plicio
221 1737 324 1817 dignos
337 1757 410 1810 erte,
425 1738 474 1818 qui
488 1747 615 1798 nostram
629 1739 730 1798 urbem
749 1739 855 1799 talibus
869 1738 966 1812 sociis,
982 1738 1140 1819 comptius
1160 1738 1199 1798 ud

109 1848 165 1889 nos
178 1848 265 1908 quam
278 1829 316 1888 ad
329 1831 483 1891 Thebanos
496 1831 654 1902 venissent,
668 1829 828 1909 spoliarint.
863 1829 922 1890 Sed
935 1830 993 1890 iata
1003 1830 1138 1890 nimirum
1149 1849 1199 1890 re-

112 1921 244 1982 cordium
257 1921 405 1984 hominum
419 1932 496 1994 sunt,
509 1925 559 2002 qui
578 1923 641 1984 ullis
661 1922 716 1983 hos
735 1924 849 1984 efficere
869 1923 962 1984 socios
977 1923 1088 1985 volunt.
1123 1923 1201 1983 lllud

113 2024 223 2087 eutem,
243 2024 382 2094 quantum
404 2025 540 2094 suscepta
557 2015 735 2094 cogitatione
755 2015 897 2094 diligenti,
916 2015 1085 2094 conjectura
1102 2015 1201 2095 possis

111 2105 281 2184 assequi,-
294 2117 324 2165 et
335 2105 491 2184 plerosque
503 2115 630 2164 vestrum
647 2105 717 2164 mihi
730 2125 796 2166 erse
809 2104 977 2166 sssemuros
995 2106 1202 2179 arbitror-,si

111 2195 323 2276 Megalopolim
338 2195 551 2256 lacedemonii
564 2197 702 2274 ceperint,
717 2197 868 2275 periclitari
880 2194 1063 2257 Mesce'num:
1083 2197 1200 2274 quodsi

111 2299 145 2348 et
157 2288 236 2348 henc
255 2287 458 2367 expugnarint,
478 2285 546 2348 dico
558 2305 610 2346 ros
622 2286 824 2347 Thebanorum
838 2288 933 2346 socios
946 2286 1070 2346 futuros.
1099 2288 1201 2367 Longe

112 2379 202 2458 igitur
214 2369 362 2438 l'ronestins
372 2387 403 2435 et
411 2377 605 2456 praestabilius
615 2387 669 2449 est,
677 2388 711 2436 ut
720 2377 921 2436 Thebanorum
933 2376 1027 2436 socios
1041 2378 1098 2458 ipsi
1110 2379 1204 2438 succi·

115 2471 241 2551 piamus,
256 2479 287 2529 et
300 2468 579 2531 lacedemoniorum
598 2469 747 2529 aventon
764 2467 960 2548 reprimamus,
974 2487 1060 2549 quum
1079 2479 1113 2529 ut
1125 2489 1204 2533 nunc

113 2572 248 2624 verentes
262 2580 299 2621 ne
311 2560 407 2621 rocios
427 2560 629 2619 Thebanorum
647 2578 852 2620 conservemur
862 2559 944 2620 hisce
955 2561 1089 2635 desertio,
1101 2573 1204 2641 portes

115 2655 187 2735 ipsis
199 2652 345 2715 'l'hebeuin
359 2651 543 2733 opitulemur,
556 2666 643 2730 atque
662 2651 780 2731 insuper
796 2651 834 2711 de
852 2652 1020 2731 nobisipsis
1038 2653 1069 2713 in
1081 2666 1161 2714 metu
1173 2666 1205 2716 et
1268 2723 1271 2730 ,

117 2747 251 2827 periculis
265 2746 373 2807 simus:
393 2762 488 2825 neque
496 2744 572 2804 enim
585 2754 692 2803 nortrm
705 2743 771 2803 urbi
783 2752 878 2803 tutum
891 2763 956 2804 esee
967 2754 1050 2825 puto,
1062 2754 1097 2806 ut
1110 2744 1209 2808 lnce-'
1301 2757 1303 2760 ’

116 2838 251 2901 daemonli
263 2836 472 2917 Megalopolim
484 2836 600 2916 cupiant
612 2846 642 2895 et
651 2854 751 2895 rursus
760 2835 957 2915 magnificent:
977 2856 1067 2915 quum
1081 2836 1203 2916 videam,

120 2951 171 2993 eos
191 2932 278 2991 etium
290 2950 368 2991 nunc
383 2928 548 3009 suscepisse
559 2926 680 2999 bellum,
693 2946 753 2987 non
773 2945 835 2987 sure
848 2926 1026 2989 defensionis
1039 2948 1136 3004 causa,
1151 2926 1207 2992 ced

108 3025 157 3108 ‘pb
176 3034 303 3083 veterem
316 3021 474 3100 potentium
494 3018 743 3098 recuperandum
764 3038 831 3097 qum
850 3038 929 3094 vero,
949 3020 1018 3080 dum
1036 3020 1114 3082 illam
1132 3024 1207 3083 obti-

123 3124 236 3186 nerent,
249 3112 431 3191 appetierint
449 3131 484 3171 ea
500 3131 552 3171 ros
572 3130 639 3171 cum
658 3111 752 3191 magis
772 3110 897 3172 fortasse
915 3132 1002 3191 quam
1023 3132 1079 3193 ego
1097 3115 1206 3189 wietis,

117 3208 186 3285 jure
199 3202 343 3263 metuetis.

144 3300 191 3357 ·8.
211 3292 377 3355 Admodum
390 3302 486 3353 autem
507 3314 544 3355 ex
565 3296 725 3356 oratoribus
747 3296 848 3357 audire
868 3296 1035 3371 veliin,tum
1048 3297 1097 3375 qui
1109 3296 1207 3359 Luce·

119 3386 279 3451 demonico
301 3394 363 3445 tum
387 3384 437 3464 qui
457 3385 610 3447 Thebanos
631 3406 665 3448 ce
687 3388 785 3450 odisse
802 3389 946 3461 dictitent,
960 3398 1057 3448 utrum
1078 3389 1207 3451 alterutri

120 3484 198 3557 illoc,
211 3502 283 3562 quos
297 3500 368 3543 sene
382 3480 518 3554 oderunt,
531 3490 649 3561 propter
661 3501 714 3543 vos
728 3493 759 3542 et
772 3482 927 3543 utilitatem
939 3492 1063 3545 restrum
1074 3482 1209 3544 oderintl

120 3598 158 3638 ιιι
185 3573 306 3635 veroin
328 3572 450 3651 gratiam
465 3571 749 3634 lacedemoniorum
770 3574 934 3648 Thebanos,
955 3585 987 3635 et
1005 3576 1206 3637 'l'lrebanorum

91 3720 94 3727 .
120 3687 212 3730 ceusu
235 3664 472 3726 Lacedaemonios
494 3664 645 3725 alterutri?
686 3666 815 3736 Quodsi
837 3676 954 3747 propter
977 3668 1053 3742 illos,
1072 3670 1205 3743 dixerint,

120 3758 230 3821 neutris
242 3768 344 3839 utpote
354 3757 469 3817 furiosis
483 3760 744 3838 obtemperandum
758 3771 819 3821 eet:
840 3760 885 3821 sin
895 3772 992 3822 vestre
1007 3757 1097 3824 οιιιιι
1104 3762 1208 3823 dicturi

123 3861 263 3925 sunt,cur
275 3849 454 3930 ultraquam
468 3860 515 3910 sat
533 3859 580 3910 est
598 3860 769 3932 tempusque
786 3852 892 3933 petitur
913 3854 1021 3915 citeros
1042 3852 1206 3915 extollunt?

123 3946 250 4007 Possunt
262 3944 349 4017 enim,
362 3953 488 4025 potsunt
499 3943 630 4005 'I'hebani
649 3946 779 4025 deprimi,
791 3946 905 4007 etiamsi
918 3938 1207 4007 Lucedoemoniorutu

123 4055 194 4117 oper
207 4055 266 4096 uon
282 4046 461 4115 augeanturr
483 4046 514 4095 et
527 4038 642 4097 omnino
654 4037 783 4099 lucilius:
805 4058 863 4120 quo
883 4048 980 4098 autem
996 4045 1093 4115 paeto,
1106 4033 1137 4092 id
1151 4053 1209 4115 ego
1283 4056 1286 4062 ’

122 4130 205 4190 vobis
227 4128 372 4189 dedarare
385 4128 523 4189 conabor.
563 4126 695 4190 Universi
716 4130 773 4191 hoc
787 4131 904 4202 ecimus,
917 4146 1027 4197 omnes,
1040 4125 1151 4185 etiamsi
1159 4128 1209 4209 ju·

125 4222 231 4281 stitinm
243 4240 302 4282 non
316 4230 427 4293 curent,
441 4221 613 4282 erubescere
625 4232 722 4282 temen
735 4222 775 4281 nd
788 4230 913 4300 tempus,
923 4238 960 4279 ea
971 4234 1038 4294 qum
1046 4216 1127 4295 jmn
1139 4232 1209 4283 runt

125 4330 184 4373 non
196 4332 302 4395 cgere:
323 4321 354 4375 et
362 4312 526 4375 hominibus
535 4311 645 4394 injuriis
654 4312 752 4395 pelam
765 4312 929 4379 ιᾶιιιιιιὶι
950 4308 1210 4393 praesentique·
