2934 5000
155 293 159 299 '
274 320 336 376 «no
632 314 982 396 „rnanrnonumn
1072 367 1077 378 ,
1204 299 1211 312 ·

243 549 248 555 ⁷
274 474 330 534 bus
339 474 403 553 ipse
417 471 536 544 auditis,
549 469 644 551 neque
653 489 685 532 te
694 471 802 532 babere
817 471 928 532 inficias
940 469 1010 541 ibat,
1019 487 1115 547 neque
1128 468 1257 547 graviter
1262 469 1395 530 screbat

265 568 360 646 'quasi
368 565 620 645 nom‘acoepisset‚
630 565 686 625 se'd
694 565 901 634 emanabant,
913 582 948 622 ac
958 562 1059 624 nescio
1070 561 1142 640 quid
1154 581 1185 622 sc
1198 580 1271 620 cnm
1283 573 1392 620 matre

273 657 383 718 babere
395 657 600 717 controversie
613 655 651 714 de
665 657 760 716 aureis
774 653 950 715 ornamentis
966 653 1092 714 dicebat.
1134 652 1203 720 Qua
1222 653 1391 732 expedita,

273 770 306 811 se
318 761 350 810 et
362 749 398 810 de
413 748 559 810 alimentis
574 760 606 808 et
622 749 736 808 crateris
757 748 795 808 de
813 751 902 808 rebus
920 767 985 808 earn
1002 749 1143 808 ratiooem
1157 747 1300 808 initurum
1316 747 1391 827 pol·

273 841 424 912 licebat'ur,
439 851 473 900 ut
485 841 555 900 mibi
568 841 719 900 cumulate
733 839 899 900 satisfieret.
920 841 1019 917 Atqui,
1035 840 1059 900 si
1073 849 1197 910 constat,
1211 859 1282 899 eum
1297 841 1388 918 apud

272 932 485 993 Democharem
498 933 563 993 b'sec
576 952 640 992 esse
649 932 818 992 confessum
834 942 866 992 et
876 933 956 1012 apud
969 931 1156 1010 reliquosqui
1166 942 1229 990 tum
1241 933 1386 1006 merant,

271 1037 302 1085 et
315 1044 334 1084 a
345 1026 552 1105 Demopbcnte
566 1037 654 1106 atque
668 1025 843 1106 Therippide
853 1027 948 1105 pretia
956 1025 1167 1104 mancipiorum
1181 1045 1276 1086 causa
1292 1045 1381 1086 com-

269 1119 387 1199 prendo
401 1119 479 1180 dotis
493 1121 655 1199 accepisse,
669 1129 700 1180 et
713 1119 813 1179 dotem
834 1139 866 1179 se
888 1119 995 1180 babere
1011 1118 1041 1178 in
1059 1117 1241 1197 collegarum
1255 1118 1382 1179 tabulas

227 1200 232 1208 ⁴
269 1211 418 1284 retulisse,
432 1222 463 1270 et
474 1212 698 1291 quamprimum
708 1221 793 1290 pater
804 1210 875 1270 obiit
888 1210 918 1268 in
928 1209 1046 1268 oedibus
1052 1209 1210 1280 habitasse,
1220 1229 1326 1270 nonne
1341 1211 1381 1270 ab

270 1302 349 1364 omni
361 1315 445 1383 parte
457 1324 504 1364 res
516 1304 546 1364 in
559 1305 697 1364 confesso
710 1314 756 1364 est
771 1302 927 1383 palamque
946 1301 1172 1380 deprehenditur
1190 1297 1258 1361 eum
1273 1300 1379 1362 dotem

270 1394 422 1474 octoginta
434 1396 529 1455 minas
543 1396 702 1474 accepisse,
714 1405 746 1454 et
756 1394 783 1454 id
795 1413 873 1453 nunc
888 1393 999 1452 iactum
1012 1391 1098 1451 nimis
1110 1391 1299 1471 impudenter
1309 1413 1379 1472 per·

269 1485 400 1566 negaret
420 1487 464 1548 Ut
476 1497 575 1547 autem
597 1508 644 1547 me
665 1507 733 1548 uera
756 1486 853 1546 dicere
876 1492 1028 1564 appareat,
1049 1502 1122 1562 cepe
1148 1484 1324 1548 testimonia
1348 1499 1380 1546 et

269 1579 344 1658 iege.

671 1797 943 1860 unsrrnorus.
1059 1775 1063 1782 ’
1111 1873 1113 1881 Ι

266 1955 376 2021 Dotem
385 1955 474 2034 igitur
487 1955 525 2014 ad
538 1955 617 2014 bunc
630 1956 750 2016 modum
765 1964 916 2037 acceptam
931 1957 1044 2018 tenuit:
1065 1973 1155 2035 quum
1165 1971 1233 2014 reno
1243 1963 1372 2014 matrem

266 2065 361 2105 meam
383 2064 444 2106 non
459 2046 585 2119 duxerit,
598 2047 666 2126 iege
683 2048 805 2128 jubetur
826 2049 933 2108 debere
956 2048 1054 2109 dotem
1066 2055 1139 2108 'cum
1155 2065 1246 2106 usura
1261 2064 1370 2104 novem

264 2137 431 2211 obuiorum,
441 2159 498 2219 ego
511 2159 580 2200 vero
590 2139 740 2199 drachmas
751 2148 867 2200 tantum
877 2161 967 2220 pono.
990 2141 1060 2201 Sors
1071 2137 1369 2218 igituretduodecim

265 2251 408 2292 annorum
422 2233 758 2312 usurac‚computatione
778 2234 859 2305 inita,
872 2234 930 2292 tria
941 2232 1058 2294 omnino
1072 2231 1183 2292 talenta
1196 2229 1369 2290 conficiunt.

265 2324 305 2384 Et
314 2323 379 2385 hmo
390 2326 434 2385 sic
445 2344 511 2386 eum
522 2328 614 2406 probo
628 2327 778 2407 occepisse
793 2336 869 2386 etse
883 2326 1096 2387 haberecoraru
1108 2335 1153 2386 tot
1168 2323 1293 2384 tectibus
1302 2343 1368 2384 esse

265 2417 447 2477 confessum.
1307 2428 1312 2434 '

306 2512 336 2569 6.
357 2510 424 2569 Jam
438 2509 510 2571 alias
522 2510 614 2570 habet
627 2511 749 2590 triginta
761 2510 866 2581 minas,
883 2520 1006 2591 accepto
1024 2510 1150 2571 officinm
1163 2508 1281 2576 reditus
1305 2530 1366 2589 qno

263 2618 311 2661 me
333 2602 463 2662 omnium
489 2597 743 2683 impudentissima
769 2603 906 2663 fraudare
922 2613 968 2662 est
991 2622 1160 2683 aggressus.
1196 2600 1273 2683 Mihi
1293 2623 1365 2664 vero

262 2704 347 2774 pater
361 2690 486 2755 tricenas
507 2696 603 2755 minas
617 2696 744 2755 reditum
763 2694 800 2753 de
821 2694 957 2755 omnibus
971 2695 1096 2773 reliquit.
1144 2695 1246 2762 Quum
1264 2708 1364 2757 autern

263 2798 375 2847 tutores
402 2789 613 2869 mancipiorum
644 2799 758 2867 partem
787 2787 936 2847 dimidiam
956 2787 1152 2858 vendiderint,
1174 2786 1241 2865 ipsa
1260 2790 1363 2867 utique

263 2879 354 2956 exigit
368 2880 442 2938 ratio
460 2889 495 2938 ut
506 2881 594 2939 mium
607 2877 677 2940 mibi
690 2878 847 2957 quindenm
863 2889 1060 2939 numerentur.
1105 2879 1146 2937 At
1157 2877 1363 2959 Therippides,

263 2970 313 3047 qui
353 2971 537 3049 septennium
568 2989 670 3029 curam
696 2970 879 3033 servitiorum
906 2971 1017 3043 habuit,
1044 2970 1184 3031 undenas
1197 2977 1362 3049 ¹quotannis

261 3058 358 3118 minas
381 3069 520 3139 acceptas
547 3059 657 3133 retulit,
682 3080 730 3120 me
762 3060 884 3141 singulis
907 3062 990 3125 annis
1013 3062 1043 3121 in
1071 3062 1183 3123 ratione
1207 3061 1361 3127 reserenda

260 3148 411 3231 quaternis
424 3150 511 3209 minis
533 3151 725 3212 defraudato:
754 3152 810 3213 iste
829 3173 908 3224 nero,
922 3155 953 3213 in
966 3158 1051 3229 cujus
1065 3172 1138 3214 cura
1157 3153 1233 3214 duos
1253 3156 1361 3233 primos

261 3263 354 3303 annos
367 3243 459 3317 suere,
478 3265 517 3303 ne
532 3246 693 3304 teruncium
708 3245 826 3324 quidem
841 3246 979 3307 exhibuit.
1022 3248 1109 3307 Nunc
1127 3249 1207 3307 enim
1224 3266 1361 3313 cessasse

260 3337 302 3397 ait
316 3336 477 3397 officinam:
499 3355 577 3396 nunc
599 3339 749 3397 seherum
763 3359 859 3399 rerum
874 3358 975 3399 curam
993 3339 1090 3419 ipsum
1107 3360 1167 3400 non
1180 3344 1360 3421 suscepisse,

261 3428 315 3487 sed
337 3440 556 3506 procuratorem
576 3429 712 3491 libertum
726 3442 857 3499 nostrum
874 3432 995 3513 Milyam
1014 3432 1231 3493 administrasse
1249 3437 1360 3511 omnia,

260 3529 291 3579 et
305 3522 343 3579 ab
360 3540 397 3579 eo
414 3522 528 3581 luorum
547 3542 611 3582 esse
635 3523 859 3602 reposcendum.
900 3523 990 3590 Quod
1012 3526 1037 3585 si
1053 3544 1133 3585 nunc
1151 3512 1271 3605 quoque
1285 3528 1360 3591 tales

259 3629 367 3669 causas
381 3611 489 3685 afferet,
503 3615 648 3692 mendacii
660 3616 749 3677 facila
763 3617 962 3679 convincetur.
986 3618 1063 3678 Nam
1075 3620 1101 3678 si
1115 3610 1251 3681 cessasse
1265 3622 1358 3683 offici·

260 3721 330 3766 nam
340 3701 454 3773 dixerit,
465 3704 530 3782 ipse
543 3709 671 3768 rabones
684 3710 785 3771 retulit
799 3710 836 3769 de
851 3712 1018 3789 sumptibus
1030 3729 1090 3771 non
1104 3712 1154 3790 qui
1168 3710 1240 3772 facti
1253 3713 1313 3773 sint
1326 3714 1358 3775 in

259 3794 428 3855 alimoniam
444 3798 664 3877 mancipiorum,
678 3802 773 3862 sedin
785 3822 885 3863 eorum
901 3820 1001 3883 opera,
1019 3804 1091 3863 ebur
1111 3803 1150 3863 ad
1164 3804 1315 3864 artificium
1326 3818 1358 3868 et

259 3886 424 3967 gladiorum
432 3890 554 3969 capulos
565 3891 644 3951 etad
657 3892 716 3953 aiis
728 3892 923 3967 conficienda,'
930 3904 1070 3974 tanquam
1079 3914 1152 3995 opus
1160 3894 1283 3956 iecerint
1292 3902 1357 3977 epi·

258 3980 340 4039 tices.
384 3981 501 4068 Deinde
513 3982 544 4041 in
558 3984 718 4045 rationibus
731 3986 883 4065 perscribit
895 4007 929 4047 se
943 3986 1036 4048 tribus
1051 3988 1236 4069 Therippidae
1245 3992 1357 4051 manci·

257 4070 326 4150 piis,
339 4092 407 4151 quae
424 4074 455 4133 in
469 4076 588 4136 officina
600 4096 665 4136 mea
681 4076 799 4150 suerint,
814 4080 977 4139 mercedem
991 4100 1171 4143 numerasse.
1213 4081 1313 4161 Atqui,
1329 4086 1355 4143 si
1443 4120 1444 4157 4

257 4162 330 4222 nihii
344 4165 438 4243 operis
452 4165 561 4228 iactum
576 4179 632 4241 est,
645 4188 740 4247 neque
760 4167 801 4228 illi
820 4170 986 4231 mercedem
1000 4174 1155 4244 numerari,
1169 4192 1264 4252 neque
1284 4174 1355 4234 mibi

258 4266 392 4333 sumptus
406 4276 458 4317 eos
472 4278 614 4339 experuos
628 4262 705 4333 ferri,
718 4261 827 4322 decuit.
872 4262 925 4323 Sin
941 4283 1015 4343 opus
1031 4284 1097 4324 esse
1112 4265 1223 4325 sactum
1237 4265 1287 4339 ait,
1300 4266 1354 4327 aed

255 4342 344 4433 uendi
357 4346 427 4406 nibil
441 4350 581 4428 potuisse,
591 4372 645 4431 par
658 4353 758 4431 utique
772 4364 817 4414 est
827 4364 862 4414 ut
875 4375 965 4436 opera
979 4374 1012 4416 se
1025 4357 1095 4417 mibi
1111 4357 1272 4418 reddidisse
1286 4378 1353 4437 pro·

256 4431 358 4508 betet,
369 4438 477 4515 quibus
495 4444 688 4521 presentibus
706 4444 737 4505 id
750 4446 861 4523 iecerit,
873 4456 963 4511 testes
977 4448 1125 4513 exhibeat.
1155 4450 1185 4511 Si
1198 4470 1267 4511 vero
1278 4469 1354 4512 neu·
1441 4492 1442 4533 q
