2934 5000
454 349 498 412 lN
521 351 724 414 APHOBUM
748 355 774 415 Ι.
1135 351 1196 410 483

96 511 191 572 minus
204 511 316 577 euobis
329 507 533 573 misericordia
545 527 720 604 consequar.
743 509 840 570 Multa
848 507 983 598 equidem
991 507 1129 593 haberem
1138 501 1196 562 alia

97 603 135 664 de
147 603 273 682 quibus'
265 595 355 663 utum
372 619 560 663 accusarem:
582 601 635 660 sed
653 601 703 660 ubi
704 621 809 668 unum
817 592 964 689 quiddam
978 596 1143 660 summatim
1158 593 1195 652 de
1276 661 1279 666 ¹

96 695 232 756 ⁰¹⁰³¹b¹¹⁸
253 695 366 767 ἅὶῐθῑθι
385 711 487 754 01111101
498 685 575 771 ejus
595 693 781 760 defensiones
801 703 940 754 evertam.
983 689 1134 756 Licuisset
1150 684 1197 743 isti

97 787 237 846 molestiis
251 797 281 845 et
294 785 420 864 negotiis
434 785 516 844 hisc
499 803 598 844 carere
610 785 755 858 omnibus,
766 806 791 845 ιι
783 786 945 854 domum'
938 794 979 872 ιιι
986 775 1040 840 uti
1056 781 1101 840 ιιι
1114 780 1197 859 leges

94 879 202 957 jubent
212 878 368 938 elocasset.
410 877 495 955 Cape
507 874 592 954 leges
603 895 640 936 ac
652 876 755 936 recito.

569 1106 713 1170 LEGES.

2 1300 3 1303 ,
100 1247 215 1310 Harum
238 1248 338 1328 legum
359 1251 532 1310 auctoritate
547 1250 690 1312 Antidoro
713 1251 864 1314 de'tribus
883 1247 1001 1310 talentis
1015 1255 1045 1307 et
1064 1257 1107 1306 ter
1121 1246 1199 1324 mille

102 1339 268 1414 drachmis
261 1347 339 1398 intra
351 1341 523 1400 sexennium
539 1359 575 1401 ex
588 1342 753 1402 elocutione
768 1359 819 1401 sex
833 1341 945 1403 talentu
955 1349 987 1399 et
1002 1338 1069 1418 plus
1082 1357 1117 1397 eo
1132 1347 1201 1396 sunt

100 1431 219 1502 tradita,
229 1425 333 1491 ethaec
346 1431 466 1509 quidam
478 1442 604 1494 restrum
617 1433 764 1494 viderunt.
807 1433 884 1494 Nam
899 1433 1074 1512 Theogenes
1089 1429 1201 1489 Proba·

100 1522 182 1583 lisine
184 1543 254 1602 ,qm
246 1525 420 1584 ''domum
395 1544 458 1604 eJus
472 1515 687 1601 conduxerat,
680 1547 711 1586 m
724 1528 790 1586 loro
802 1528 957 1608 pecuniam
966 1499 1062 1584 hanc
1059 1541 1200 1596 annume-

99 1615 187 1676 ravit.
208 1615 283 1674 Mihi
300 1625 400 1675 sutem
413 1617 451 1676 ds
465 1618 685 1696 quatuordecim
708 1619 826 1678 talentis
844 1617 928 1677 annis
949 1617 1097 1688 undecim,
1121 1614 1147 1674 ιι
1171 1622 1201 1672 et

99 1699 283 1810 temporiset
296 1699 470 1772 elocutionis
482 1708 559 1768 illius
572 1710 647 1768 ratio
659 1710 815 1781 habeatur,
830 1710 917 1788 triplo
930 1691 996 1788 plus
1011 1703 1201 1784 emolumenti
1234 1785 1238 1796 Ι
1314 1750 1319 1760 .

96 1798 216 1866 nomine
236 1799 553 1858 debuissetsccedere.
595 1800 662 1862 Hoc
684 1819 754 1859 vero
770 1819 822 1860 cur
841 1819 900 1857 non
917 1798 1053 1869 lecerit,
1045 1817 1163 1875 ipsum
1157 1795 1200 1852 irr-

99 1899 256 1967 terrogate.
298 1879 412 1948 Nomai
425 1888 506 1947 dicet
521 1889 695 1993 praestitisse
714 1889 835 1947 domum
860 1908 920 1946 non
933 1887 1051 1958 elocari,
1061 1887 1204 1964 ostendat

19 2041 23 2048 ,
101 1997 161 2038 non
175 1978 357 2073 duplicatum
368 1987 422 2038 aut
435 1979 611 2057 triplicatum
625 1975 691 2038 esde
701 1999 798 2038 meum
812 1979 1029 2083 patrimonium,
1042 1978 1116 2037 sed'
1106 1997 1201 2058 ipsein

2 2116 3 2123 ι
100 2071 245 2130 duntaxat
258 2080 365 2128 sortem
378 2069 523 2146 integram
533 2069 603 2127 mibi
612 2090 679 2130 esse
688 2067 874 2130 restitutam.
890 2071 935 2128 sin
947 2071 984 2129 de
999 2069 1116 2130 talentis
1128 2087 1201 2172 ιιιιι-

100 2161 263 2220 tnordacim
286 2160 356 2234 mihi
373 2179 428 2218 nec
442 2159 630 2238 septuaginta
651 2162 746 2218 minas
763 2159 964 2231 reddiderunt,
979 2169 1009 2219 st
1022 2161 1099 2240 ipse
1098 2179 1145 2218 me
1160 2160 1201 2217 in·

103 2273 192 2333 snper
211 2253 267 2313 sibi
280 2253 415 2312 debere
408 2270 439 2312 m
461 2251 576 2311 tabulm
588 2251 698 2322 retulit,
712 2262 759 2310 est
771 2270 808 2332 ne
823 2251 995 2329 accipienda
1009 2249 1088 2309 ulle
1082 2261 1204 2310 istorum

105 2338 284 2406 excusatior
305 2343 427 2404 Minime
441 2345 585 2424 gentium.

147 2441 194 2501 16.
215 2439 319 2545 ιιιιιιιι
330 2459 421 2518 quum
431 2439 501 2498 mihi
514 2448 629 2499 tantum
643 2439 847 2521 patrimonium
857 2437 989 2501 relictum
1000 2437 1097 2515 fuerit,
1110 2453 1206 2539 quan·

103 2532 168 2591 lum
179 2530 321 2611 principio
331 2529 492 2603 audivistis,
502 2540 534 2591 et
542 2551 633 2609 quum
640 2552 707 2611 ejus
717 2533 804 2593 tertia
811 2550 880 2613 pars
890 2530 1142 2611 quinquaginta
1114 2527 1206 2601 minas

107 2622 236 2683 reditum
253 2623 340 2699 lerat,
361 2624 494 2701 quamvis
495 2621 645 2684 liceret
637 2626 714 2697 istis,
731 2644 857 2703 quorum
871 2624 1017 2703 cupiditas
1037 2618 1149 2680 infinita
1162 2626 1209 2676 est

105 2725 197 2793 atque
214 2714 397 2787 insatiabilis,
411 2716 440 2789 ιι
457 2716 572 2775 elocare
596 2716 713 2795 domum
738 2716 922 2788 uoluissent,
925 2736 961 2775 ex
980 2714 1043 2773 istis
1058 2710 1207 2787 reditibus,

106 2806 190 2878 nulla
201 2826 234 2867 re
243 2812 325 2867 motu
336 2816 388 2867 ιιι
400 2816 525 2879 mutata,
537 2815 600 2866 tum
615 2827 670 2868 nos
682 2809 770 2881 alere,
781 2820 842 2869 tum
855 2799 973 2887 publica
984 2806 1062 2864 obire
1076 2820 1208 2869 munera,

4 2926 13 2943 ι
106 2908 140 2959 et
161 2916 228 2977 qum
250 2916 287 2959 ex
306 2900 349 2959 eis
370 2900 555 2968 accederent,
578 2918 616 2959 ea
638 2900 742 2978 saltem
762 2902 800 2960 ad
823 2900 971 2960 cumulum
987 2896 1121 2976 adjicere,
1136 2912 1208 2973 opes

108 2994 208 3049 autem
220 2988 360 3069 reliquas,
369 3009 437 3067 quae
450 2991 496 3051 his
509 2991 601 3070 duplo
611 3003 682 3070 sunt
692 2993 827 3073 majores,
837 2994 879 3053 ita
890 2992 1105 3065 distribuerent*
1112 2994 1209 3073 essent

108 3083 227 3158 ignores
239 3077 293 3138 sed
306 3072 492 3157 questuosa,
506 3091 539 3140 ιι
561 3093 592 3141 et
603 3084 670 3161 ipsi,
686 3083 828 3163 siquidem
843 3083 1001 3163 cupiditate
1014 3079 1175 3163 pecuniae
1160 3062 1209 3137 ur-

111 3172 270 3249 gebantur,
280 3170 438 3231 mediocria
450 3170 519 3229 inde
532 3174 728 3249 accepissent,
747 3175 875 3254 mihique
889 3194 957 3233 curn
971 3184 1049 3232 sorte
1062 3192 1098 3230 ex
1111 3150 1210 3243 rediti-

108 3266 169 3322 bus
181 3280 243 3321 rem
253 3261 424 3322 familiarem
437 3259 598 3322 auxissent
641 3262 757 3321 Horum
776 3262 848 3321 nihil
867 3264 1009 3331 fecerunt,
1029 3260 1080 3319 sed
1094 3260 1209 3338 optimis

112 3352 267 3430 mancipiis
279 3353 356 3411 inter
375 3371 408 3411 se
420 3351 589 3421 divenditis,
602 3352 720 3429 reliquis
734 3372 752 3411 e
773 3352 871 3411 medio
885 3352 1016 3427 sublatis,
1030 3368 1110 3408 meos
1124 3350 1210 3408 etiam

112 3454 229 3506 veteres
250 3443 363 3501 reditus
388 3442 606 3514 destruxerunt,
619 3442 805 3521 sibimetipsis
831 3461 889 3501 non
905 3440 1064 3499 mediocres
1084 3438 1121 3497 de
1146 3430 1229 3528 meo*

83 3610 88 3621 .
113 3527 328 3615 compararunt
364 3532 433 3593 lam
443 3552 509 3592 cum
520 3544 628 3593 caetera
641 3534 728 3593 etiarn
743 3534 841 3593 omnia
852 3533 972 3612 turpiter
986 3532 1060 3592 adeo
1070 3534 1212 3613 ceperint,

112 3627 307 3687 communiter
320 3626 474 3704 ambigunt
486 3624 555 3714 plus
567 3624 687 3685 dimidia
697 3626 835 3704 pecuniae
850 3635 931 3705 perte
946 3624 1015 3685 mihi
1029 3644 1066 3685 ne
1079 3624 1213 3685 relictum

111 3718 232 3824 quidem
244 3736 323 3787 esse,
347 3716 401 3777 sed
414 3727 553 3794 tanquam
575 3718 703 3795 quinque
721 3718 866 3801 talentum
886 3717 1032 3782 duntaxat
1051 3719 1110 3777 sint
1128 3738 1211 3796 opes,
1245 3760 1248 3771 .

113 3812 158 3871 sic
176 3809 304 3870 rationes
320 3804 403 3867 de''
386 3828 422 3866 us
445 3808 616 3881 retulerunt,
638 3809 749 3869 reditus
773 3828 810 3869 ex
833 3810 874 3869 ιιι
893 3802 990 3871 nullos
1012 3809 1212 3887 ostendentes,

118 3897 214 3983 neque
227 3915 334 3965 sortem
346 3903 502 3963 manifeste
514 3892 770 3975 demonstrantcs;
793 3906 845 3965 scd
868 3906 931 3985 ipse
951 3890 1061 3983 praedia
1082 3916 1141 3963 tam
1160 3907 1213 3963 irn-

119 3996 262 4076 pudenter
282 3996 440 4075 absumpta
463 4014 530 4055 esse
557 3996 734 4083 dictitantes·
777 3998 892 4075 Neque
902 3996 989 4073 hujus
1012 4014 1062 4059 eos
1084 3996 1215 4078 arrdecioe

120 4087 221 4168 pudet.

162 4181 210 4238 16.
225 4177 393 4250 Enimvero,
407 4180 479 4257 quid
493 4178 561 4239 mihi
575 4180 742 4254 accidisset,
761 4183 785 4240 si
801 4180 855 4238 sub
869 4196 969 4236 eorum
989 4178 1082 4237 tutela
1096 4154 1215 4237 fuissem

21 4268 24 4278 '
120 4268 258 4331 ιιιιιιιιιι
275 4269 311 4328 ld
322 4291 361 4329 ne
380 4271 479 4336 dicere
491 4271 610 4351 quidem
627 4282 774 4379 poterunt.
818 4270 893 4329 Nam
908 4288 997 4347 quum
1012 4270 1112 4328 decem
1133 4267 1216 4328 annis

120 4361 287 4444 prmteritis,
302 4364 339 4421 ab
350 4363 414 4423 aliis
429 4375 490 4426 tam
503 4382 600 4442 pauca
613 4364 782 4445 receperim,
797 4362 846 4421 isti
866 4364 952 4421 etinnr
974 4362 1119 4445 dobere
1098 4382 1149 4429 ιιιι
1173 4363 1222 4421 in-

121 4452 260 4534 scriptus,
275 4450 313 4515 an
328 4474 386 4533 non
399 4456 544 4535 indignari
556 4454 674 4515 debeb?
695 4454 823 4515 Omnino
838 4454 948 4514 clerum
965 4466 1017 4527 est,
1033 4474 1088 4527 me,
1102 4456 1126 4515 ιι
1135 4456 1217 4515 anni·
1238 4529 1241 4535 Ι
