2934 5000
345 277 349 286 ’
461 309 826 374 conrnnnrrnmu.
945 265 952 278 ’
1030 362 1071 383 ,.
1132 311 1235 402 q„

5 487 6 500 r
95 455 385 538 tusluit,deeaipsa
399 475 441 534 re,
455 463 880 541 privatatranssctionelacsa,
894 431 925 524 st
938 461 1052 541 legibus
1066 459 1192 522 etrobis
1315 444 1343 457 “
1375 476 1379 484 ·

92 547 242 624 pronihilo
251 548 368 624 habitis,
378 552 603 633 neinjudicium
616 557 734 636 quidem
745 555 915 636 Polyzelurn
929 553 1062 612 adduxit.
1085 552 1191 628 Siquis
1249 619 1256 630 ι

71 629 182 716 ‘igtur
194 639 260 702 illos
274 653 414 704 accusare
427 645 457 706 in
470 648 627 725 presentis
637 649 725 719 volet,
738 647 939 708 benedicenda
951 653 1049 710 erunt.
1071 645 1124 702 Sin
1137 640 1192 702 cri·

94 732 173 790 urina
185 731 240 818 isti
252 751 304 813 per
317 755 365 794 rne
380 737 496 815 objecta
517 739 655 811 refutare,
671 739 788 818 quidvis
807 727 905 819 potius
924 737 978 797 erit
999 733 1191 796 efferendum.

57 901 60 908 Ι
95 820 170 880 Narn
186 823 251 882 hec
265 826 385 902 negotia
395 845 463 886 cum
475 827 544 898 illis,
558 839 591 890 ut
603 851 669 908 que
683 831 817 903 maxims,
829 841 973 910 pugnant,
987 833 1035 888 rue
1044 826 1122 886 enim
1136 843 1192 884 neo

93 915 243 992 accepisse
257 917 424 996 quicquan,
438 934 494 980 nec
508 920 641 1000 accipere
660 923 820 984 instituisse
832 931 1036 1002 cognoscetur,
1058 917 1113 978 sed
1126 935 1193 975 esur
1244 995 1251 1007 θ

92 1003 319 1085 ultionemque
330 1019 392 1068 tum
405 1029 458 1089 pro
469 1011 662 1100 legibus,tum
673 1015 802 1094 prodeo,
814 1025 877 1074 turn
889 1013 1039 1094 pronubis
1047 1007 1193 1088 exigendo

93 1111 149 1172 est,
163 1103 204 1162 ita
217 1104 260 1163 uti
272 1103 369 1182 decet,
383 1117 569 1180 reservatam,
583 1129 662 1168 nunc
675 1111 759 1168 vobis
773 1109 945 1171 reddidisse.

139 1195 185 1254 12.
214 1195 262 1256 Ne
274 1196 362 1274 igitur
382 1197 482 1260 sinatis
495 1217 561 1258 eum
583 1201 654 1260 talia
667 1201 777 1273 dicere,
790 1219 886 1278 neque
903 1197 1001 1269 etiarn,
1020 1199 1046 1256 si
1067 1195 1192 1275 pervim

47 1327 49 1332 ,
93 1283 258 1362 ingesserit,
273 1298 413 1367 unquam
427 1291 537 1369 aliquid
558 1293 635 1372 equi
650 1293 759 1352 dicenti
779 1291 960 1352 nurcnlutis.
988 1290 1067 1347 Nam
1089 1288 1114 1344 ri
1126 1286 1216 1350 brec,-

94 1377 138 1438 sic
153 1379 233 1456 apud
243 1400 296 1439 vos
309 1381 428 1442 decreta
437 1383 556 1456 luerint,
571 1404 630 1444 non
645 1385 735 1444 ullam
751 1386 953 1445 defensionem
969 1381 1098 1441 habebit.
1117 1380 1193 1446 Qum

74 1488 187 1528 'causa
208 1471 296 1542 enim,
318 1472 446 1533 humana
464 1476 577 1547 saltem,
599 1495 667 1553 quar
686 1478 841 1537 mediocris
861 1475 1012 1536 excusatio
1031 1473 1193 1531 facinorum
1268 1541 1273 1548 .

92 1559 172 1622 illius
199 1561 382 1641 proferetur?
407 1566 561 1628 Iracundia
586 1567 730 1626 nimirum.
772 1569 849 1627 Nam
872 1565 1080 1626 bonfortasse
1105 1561 1192 1618 dicet·

94 1651 206 1713 Verum
227 1657 266 1716 ad
284 1667 350 1734 quat
364 1657 469 1736 aliquis
482 1658 589 1730 subito,
613 1679 671 1720 non
693 1667 864 1740 exspectato
880 1658 1004 1720 consilio
1018 1651 1138 1723 mentis,
1150 1649 1200 1707 fs·-

94 1743 200 1806 cieuda
212 1747 355 1826 impulsus
370 1749 466 1822 fuerit,
480 1751 593 1812 etismsi
603 1754 812 1813 contumeliose
824 1751 937 1824 feeerit,
948 1766 1002 1830 per
1013 1749 1083 1808 iram
1096 1752 1195 1805 tamen

94 1855 159 1896 esse
178 1839 268 1908 facta,
284 1838 379 1899 dicere
393 1851 500 1920 potest.
523 1844 598 1911 Qun
611 1863 680 1904 vero
693 1845 745 1904 diu
764 1856 833 1904 aute
853 1841 1086 1922 premeditatus,
1101 1836 1195 1898 couti·
1247 1843 1258 1856 ⁶

96 1939 199 1988 neuter
212 1949 264 2008 per
283 1932 391 1991 multos
415 1933 477 1992 dies
498 1949 601 1994 contra
622 1936 704 2015 leges
718 1937 815 1996 facere
833 1936 931 2015 palam
956 1929 1192 2014 deprehenditur,

94 2039 157 2078 non
171 2022 256 2080 modo
270 2023 355 2081 abest
367 2025 404 2082 ab
418 2044 454 2083 eo
468 2035 501 2083 ut
514 2027 604 2084 iratus
615 2028 727 2100 lecerit,
737 2029 791 2087 sed
805 2027 913 2086 nemini
923 2030 985 2104 jam
998 2023 1120 2083 dubium
1129 2037 1194 2079 esse

94 2110 194 2183 debet,
217 2113 287 2189 quin
301 2113 338 2172 de
352 2113 504 2188 industria,
526 2117 654 2193 dataque
677 2138 768 2195 opera
789 2118 857 2178 talis
878 2117 966 2175 homo
987 2113 1194 2174 contumeliam

93 2203 205 2262 lecerit.
228 2203 384 2263 Enimvero
402 2223 491 2282 quum
507 2225 543 2264 ea
556 2225 679 2284 quorum
701 2228 720 2267 a
738 2228 786 2267 me
803 2217 969 2278 accusatur,
991 2217 1021 2264 et
1032 2205 1150 2272 iecisse,
1164 2210 1195 2258 et

93 2297 306 2376 contumeliose
318 2297 422 2357 iecisse
436 2299 634 2374 convincatur,
644 2301 772 2380 judices,
788 2301 870 2380 leges
884 2301 922 2359 de
932 2309 1030 2359 cetero
1043 2305 1112 2356 sunt
1124 2313 1195 2352 con-

96 2389 240 2449 sulendoe.
273 2389 321 2454 Ex
337 2411 459 2469 quarum
474 2394 646 2472 prescripto
659 2414 712 2454 vos
721 2393 907 2472 judicaturos
920 2413 987 2452 esse
995 2389 1126 2470 jurastis.
1158 2385 1198 2443 Et

93 2481 350 2569 considerandum,
366 2491 478 2562 quanto
490 2484 617 2545 severius
632 2497 662 2546 et
676 2486 793 2565 gravius
807 2485 854 2545 hee
864 2483 1029 2566 puniendos
1042 2476 1198 2542 statuerint

98 2592 162 2645 eos,
180 2574 230 2652 qui
243 2574 314 2635 data
328 2594 426 2654 opera,
441 2586 471 2636 et
483 2593 538 2655 per
555 2578 763 2638 contumeliam
777 2578 888 2657 aliquid
907 2577 1090 2655 delinquunt,
1109 2587 1206 2649 qoam¹

96 2666 225 2745 reliquos
238 2667 288 2744 qui
301 2666 358 2725 alio
372 2668 508 2749 quopiam
529 2668 617 2728 modo
637 2682 772 2749 peccant.
801 2670 930 2728 Primum
955 2668 992 2726 de
1005 2668 1076 2726 dato
1089 2664 1207 2723 damno·

96 2759 145 2818 hae
158 2759 240 2837 leges
259 2778 369 2831 omnen,
384 2770 418 2819 ut
431 2760 468 2819 ab
482 2761 527 2820 llis
543 2760 648 2833 ordior,
663 2762 688 2819 si
708 2762 774 2841 quis
791 2762 892 2821 volens
915 2761 1053 2821 damnum
1072 2754 1197 2826 dederit,

80 2848 236 2930 'duplumz
258 2852 283 2910 si
295 2852 413 2927 inritus,
432 2852 568 2932 simplum
583 2873 636 2932 pro
650 2854 719 2913 dato
741 2854 850 2915 damno
866 2855 979 2915 solvere
988 2848 1103 2931 jubent
1130 2848 1203 2920 Me<

97 2944 165 3005 rito.
196 2944 323 3021 AEquunr
339 2945 417 3004 enim
431 2956 486 3014 est,
500 2956 533 3005 ut
545 2946 646 3018 laesus,
661 2956 729 3006 utut
741 2948 853 3007 lactum
866 2956 922 3019 est,
932 2945 1091 3025 adjuvetur.
1113 2936 1198 2998 Sonti
1252 3018 1257 3025 .
1314 2958 1324 2973 ’

98 3042 198 3095 autern
212 3053 272 3093 non
286 3036 409 3094 eandem
422 3054 538 3115 prnnern
556 3039 669 3111 statuit,
688 3038 749 3099 sire
760 3040 876 3112 rolens,
888 3040 951 3099 sire
962 3038 1070 3097 inritus
1083 3029 1196 3094 lecerit

98 3124 221 3185 Deinde
239 3124 322 3201 legra
338 3126 508 3203 capitalium
524 3126 696 3201 sucinorum,
715 3128 813 3189 credes
834 3129 957 3189 consilio
975 3127 1085 3195 lactas,
1103 3130 1208 3181 morte·
1310 3193 1314 3201 ι

97 3224 303 3299 perpetuoque
320 3216 424 3274 exsilio
442 3226 473 3275 et
491 3217 690 3297 publicatione
711 3217 855 3281 bonorum
873 3220 1009 3300 puniunt,
1031 3217 1082 3295 qui
1100 3223 1202 3273 auten
1311 3280 1317 3289 ,

97 3305 223 3370 fortuita
235 3305 348 3365 eusdem
361 3306 504 3377 lecerunt,
518 3310 646 3369 curubis
658 3308 1200 3372 multo‘remissiusethurnanirrsssre

98 3398 249 3483 agendum
263 3408 435 3459 unxerunt.

134 3508 191 3573 13.
214 3502 278 3563 Nec
292 3502 321 3561 iu
341 3502 387 3562 bis
401 3492 516 3563 tantum
529 3503 697 3565 hominibus
713 3505 912 3585 petulantibus
925 3514 956 3566 et
972 3504 1123 3585 protervis,
1145 3504 1199 3565 sed

101 3608 132 3659 et
150 3597 181 3655 in
195 3595 301 3655 ceteris
314 3594 459 3667 omnibus,
473 3593 555 3673 leges
567 3596 656 3656 iratas
671 3594 737 3657 'esse
750 3597 886 3658 cernitur.
918 3598 996 3657 Nam
1017 3618 1084 3676 quse
1107 3611 1199 3658 cansa

102 3698 158 3761 est,
173 3689 197 3747 si
212 3688 277 3765 quis·
286 3686 451 3765 judicatum
470 3687 544 3747 solvi
558 3708 617 3748 non
632 3674 762 3765 solverit,
782 3708 835 3749 eur
847 3690 896 3749 lex
914 3692 1056 3750 actionem
1071 3691 1152 3750 unde
1170 3690 1198 3747 vi

101 3801 160 3843 non
171 3782 232 3861 jam
246 3779 372 3857 amplius
392 3780 533 3858 privatam
555 3781 667 3853 fecerit,
691 3782 745 3841 sed
761 3782 801 3841 nd
823 3782 944 3843 crimina
965 3784 1082 3861 publicu
1101 3779 1199 3839 referri

103 3886 234 3954 oportere
255 3872 412 3932 statuerit?
431 3874 506 3938 Quae
519 3873 589 3931 item
613 3884 772 3946 causaest,
794 3876 818 3933 si
841 3876 906 3954 quis
927 3876 1027 3934 rolens
1042 3894 1061 3931 n
1082 3872 1199 3930 uolente

105 3966 220 4027 talentis
242 3964 364 4043 singulis
383 3964 428 4023 vel
450 3965 536 4036 binis,
557 3965 604 4025 rel
625 3965 709 4025 denis
730 3966 817 4026 etiam
838 3968 976 4046 acceptis,
1001 3962 1199 4023 delmudarit:
1271 3972 1275 3979 “

105 4057 198 4119 curti
212 4056 283 4115 nihil
305 4076 378 4117 curn*
387 4058 537 4137 republica
551 4059 659 4136 negotii
679 4058 740 4119 sit?
768 4060 813 4119 sin
834 4060 944 4136 aliquid
962 4056 1060 4133 exigui
1082 4055 1200 4114 omnino

104 4148 186 4229 pretii
199 4148 320 4226 ceperis,
334 4148 420 4227 idque
433 4150 462 4207 ri
475 4148 623 4229 eripueris,
644 4150 817 4209 tantundem
837 4152 1001 4209 convictum
1023 4138 1199 4207 cererio‘de·

103 4245 183 4310 bere,
208 4242 348 4317 qnantum
371 4238 480 4299 homiui
500 4242 612 4318 privato
633 4242 713 4319 leges
728 4242 843 4321 jubent.
878 4238 1097 4305 Quamobrem?
1122 4239 1200 4308 Quia·

76 4396 79 4401 ,
105 4350 289 4412 quaecunque
303 4332 330 4389 ri
343 4342 493 4409 geruntur,
507 4352 676 4391 communes
691 4353 758 4393 esse
778 4330 901 4411 injurias
911 4332 997 4391 etiam
1011 4330 1057 4405 iis,
1074 4332 1112 4392 ud
1126 4349 1201 4415 quos

106 4424 177 4487 illud
191 4422 343 4501 negotium
362 4422 434 4484 nssril
449 4424 593 4497 attineret,
614 4424 766 4571 lpgislator
784 4425 909 4487 cenrnit.
945 4425 1050 4487 Robur
1070 4430 1201 4509 eorporis

65 4530 69 4538 ·
665 4535 684 4573 n
