2934 5000
351 271 360 330 5
434 303 651 366 inversus
675 305 906 370 nnrmnnrr.
1160 283 1230 374 son‘

435 585 895 648 SENATUSCONSULTUM.

122 721 222 784 Fuisse
245 722 333 800 igitur
354 724 496 804 majorum
514 745 632 804 quoqne
652 737 817 788 nostrorum
838 728 938 802 morit,
962 727 1164 804 Athenienses,
1182 745 1218 792 nt

120 815 214 880 bunos
222 814 410 888 honorarent,
422 815 478 876 hoc
487 819 772 880 senatusconsultum
785 819 896 882 indicet
906 839 914 879 t
926 819 957 882 si
966 839 1034 880 vero
1043 822 1217 908 noniisdom

120 908 207 970 rebus
221 908 328 985 quibus
341 927 395 969 nos
410 926 500 979 nune,
515 906 545 966 id
560 908 623 986 jem
637 910 717 982 aliud
731 911 871 988 quiddam
883 923 941 974 est.
961 913 1050 978 Quod
1070 915 1096 974 si
1108 935 1217 979 conce·

121 998 255 1062 deserum
267 1017 366 1077 neque
379 997 568 1078 Lysimacho,
580 1017 675 1077 neque
689 1002 827 1084 cuiquem
844 1002 940 1072 alteri,
954 1004 1110 1082 quiequam
1118 1002 1143 1067 's
1154 1027 1217 1070 me·

115 1091 228 1170 juribus
253 1093 361 1154 nostris
390 1092 482 1156 luisse
503 1111 688 1164 concessum,
709 1101 902 1172 propterenne
919 1096 1034 1173 justum
1055 1107 1143 1169 essm,
1164 1119 1216 1159 eos

120 1183 226 1260 quibos
239 1203 293 1244 nos
306 1184 416 1263 eliquid
433 1203 512 1246 nunc
526 1183 672 1255 dedimus
693 1203 731 1244 eo
754 1184 894 1262 spoliarii
912 1185 978 1248 Nee
997 1188 1144 1265 enim‘qui
1156 1210 1217 1251 non

120 1273 276 1346 dederunt,
285 1277 367 1353 qnod
380 1277 475 1338 risum
484 1277 526 1338 eis
538 1295 597 1336 non
610 1285 666 1349 est,
676 1275 837 1338 mormandi
849 1285 937 1354 sunt:
956 1277 1009 1338 sed
1018 1276 1060 1352 lii,
1074 1279 1124 1355 qni
1135 1281 1218 1356 quod

121 1376 210 1428 emma
223 1367 376 1446 dederent,
395 1369 501 1430 deinde
515 1369 665 1444 sinejuste
677 1389 767 1430 censs
780 1389 881 1450 rursus
899 1372 1076 1448 eripuerunt.
1105 1371 1216 1448 Siquis

88 1468 94 1478 '
121 1458 199 1518 enim
212 1459 412 1540 dementiore
424 1471 531 1540 potest,
547 1462 634 1524 etiem
647 1462 714 1522 illos
728 1461 838 1539 aliquid
851 1462 932 1539 quod
944 1461 1086 1523 dederant
1097 1463 1148 1522 ulli
1161 1466 1219 1522 eri·

120 1549 228 1627 puisse,
252 1569 314 1614 non
334 1553 419 1614 obsto
435 1571 498 1630 ,qno
520 1553 617 1616 ninus
630 1553 718 1614 etiam
740 1573 795 1614 nos
816 1553 848 1612 id
866 1552 1035 1631 exemplum
1054 1553 1217 1623 imitemur:

121 1659 291 1719 quanquam
312 1644 344 1704 id
355 1663 440 1723 seque
459 1644 644 1706 inhonestum
660 1653 754 1705 esset:
776 1643 802 1702 si
825 1663 893 1704 vero
913 1662 1000 1704 nemo
1016 1654 1063 1704 est
1084 1643 1135 1721 qui
1156 1645 1218 1705 ullo

120 1739 253 1812 tempore
265 1736 376 1795 lectum
389 1737 420 1796 id
435 1755 500 1796 esse
510 1723 715 1800 demonstrate
728 1733 834 1814 possit,
848 1754 901 1797 cur
914 1754 968 1795 nos
981 1734 1066 1815 primi
1081 1735 1149 1799 talis
1163 1755 1216 1796 ex·

121 1825 209 1902 empli
219 1837 354 1887 auctores
367 1827 498 1886 erimusl

73 1907 82 1916 ’
161 1918 212 1976 25.
234 1918 312 1976 lllud
334 1927 444 1989 autern,
464 1916 671 1988 Athenienses,
684 1937 802 1996 quoqne
821 1917 1068 1979 considerandum
1082 1929 1127 1980 est
1143 1930 1174 1979 et
1187 1922 1217 1979 in

120 2019 281 2085 conspectu
294 2009 471 2079 bebeadum,
484 2009 565 2086 quod
573 2009 663 2086 jurati
677 2009 717 2068 ad
725 2009 871 2087 judicium
882 2008 1014 2080 venistis,
1028 2029 1090 2068 non
1101 2009 1216 2087 legibus

120 2097 418 2169 Laeedsembnioram,
428 2108 480 2156 eut
488 2099 705 2162 Thebanorum.
715 2117 811 2172 nsque
820 2099 856 2157 iis
865 2117 933 2171 qum
941 2099 1011 2156 olim
1019 2096 1099 2176 apud
1107 2101 1217 2176 primun

120 2193 245 2264 majores
268 2198 383 2248 nostros
402 2187 432 2244 in
446 2203 503 2244 usn
521 2185 650 2252 luerunt,
665 2182 719 2240 sed
739 2183 774 2242 iis
799 2185 905 2257 quibus
925 2186 977 2254 illi,
995 2205 1069 2261 quos
1081 2190 1137 2248 iste
1148 2191 1217 2269 lege
1241 2257 1245 2261 ,

121 2299 177 2340 sna
188 2279 314 2357 ¹spoliare
327 2284 460 2345 conetur,
473 2273 554 2332 done¹
570 2272 721 2332 consecuti
734 2281 820 2336 snnt;
841 2281 873 2331 et
885 2293 1007 2350 querum
1020 2278 1217 2357 rerum-leges

120 2369 212 2430 nnlloe
222 2371 299 2436 sunt,
311 2366 348 2424 de
357 2365 392 2424 iis
401 2374 479 2422 utos
488 2381 573 2442 aequo
586 2371 617 2422 et
625 2363 704 2422 bono
714 2379 804 2443 quam
815 2363 965 2424 verissime
978 2367 1232 2447 sanctissimeque'

118 2459 181 2521 lieri
194 2467 292 2538 potest
300 2455 449 2536 judicetis.
470 2453 579 2515 Recte!
603 2452 838 2531 Conferteigitur
849 2473 966 2531 equum
978 2464 1009 2514 et
1021 2455 1132 2521 bonurn
1147 2479 1218 2525 cnm

120 2552 254 2613 universe
270 2550 353 2628 leget
385 2548 477 2609 Estne
494 2564 623 2625 equum,
645 2544 852 2615 Athenienses,
868 2546 1010 2608 honorem
1031 2550 1217 2615 benemeritis

119 2641 243 2705 habent
265 2642 412 2720 Equum!
433 2638 514 2709 Quid
534 2636 641 2717 porro?
663 2647 747 2699 estne
760 2655 889 2715 equum,
905 2646 940 2699 ut
956 2660 1024 2719 quse
1040 2643 1131 2703 semel
1150 2646 1217 2724 quis

122 2734 246 2807 dederit,
256 2734 363 2793 habere
377 2732 475 2793 sinstl
495 2732 634 2808 AEquurn.
665 2730 726 2791 Vos
739 2731 830 2809 igitur
849 2742 912 2793 tum
924 2732 981 2810 ipsi
993 2734 1057 2796 lucc
1070 2736 1169 2809 incito,
1181 2748 1217 2799 nt

115 2826 303 2905 jurisjurandi
319 2824 488 2903 religionem
513 2822 652 2885 serretiat
674 2832 737 2881 turn
757 2823 800 2884 eis
819 2824 870 2902 qni
888 2828 1013 2900 majores
1025 2826 1090 2887 hec
1110 2829 1216 2893 deciam
1291 2899 1295 2908 ι

120 2926 457 2999 nequqsunoensetez
483 2926 546 2975 tum
569 2915 642 2977 istos
664 2914 714 2993 qui
733 2913 808 2975 talia
825 2916 960 2997 exemplo
982 2927 1145 2989 recensent,
1164 2942 1216 2983 eos

98 3050 107 3059 -
120 3011 235 3089 singnis
248 3007 397 3069 beneficiis
411 3008 531 3067 nffeotm
541 3008 650 3069 nemini
661 3007 803 3067 honorem
816 3007 967 3078 babuisse,
981 3019 1013 3071 st
1024 3010 1172 3089 improbos
1184 3023 1217 3075 et

118 3103 277 3163 inurbnnos
291 3116 357 3157 esse
371 3098 565 3163 arbitramini;
586 3098 743 3177 improbos,
753 3100 833 3178 qnod
844 3100 1004 3178 majoribus
1015 3102 1118 3163 vestris
1138 3105 1216 3167 lelso

118 3195 229 3255 erirnsn
241 3186 457 3268 inqrntitudinis
467 3187 650 3267 impingente
670 3190 840 3259 inurbanus,
853 3192 970 3267 quodsi
979 3192 1104 3270 maxime
1114 3214 1216 3257 rerum

118 3286 150 3345 id
163 3292 254 3354 esset,
268 3278 370 3358 negari
382 3280 480 3357 potins
493 3279 524 3337 id
538 3280 576 3339 eb
588 3279 634 3349 iis,
649 3298 737 3357 qnam
747 3279 1077 3349 commemorationes
1090 3281 1205 3345 fnisset.

159 3376 211 3434 26.
232 3371 364 3433 &bitror
379 3379 479 3443 autem
497 3369 587 3429 stiam
599 3368 659 3428 hoc
669 3366 1074 3447 tepensmdiesnrnm,1eqe
1088 3389 1214 3437 summe

118 3466 262 3547 imoqines
275 3484 332 3525 nec
342 3462 452 3523 ricurm
466 3462 496 3520 in
517 3461 599 3521 curie
617 3460 688 3541 eripi
708 3460 751 3519 eis
764 3461 816 3538 qui
837 3460 1014 3539 seneperint,
1033 3482 1091 3525 nec
1108 3466 1215 3533 civitati

118 3555 391 3623 munenadini
406 3553 569 3615 honorandi
591 3570 731 3635 eosquos
746 3551 852 3631 dignos
865 3554 1031 3615 censuerit:
1050 3556 1106 3617 sed
1123 3558 1215 3625 besse

87 3706 93 3719 ,
118 3666 151 3715 et
161 3670 254 3713 mens
274 3658 388 3710 stetnas
402 3645 530 3717 decerni,
549 3645 701 3705 strictum
715 3644 746 3703 in
759 3642 849 3717 mine,
864 3653 898 3704 et
914 3642 1054 3725 quicquid
1072 3662 1215 3728 protam

118 3742 277 3815 sumitis,
286 3741 344 3801 hoc
352 3756 412 3799 nno
425 3737 572 3797 duntaxat
583 3747 716 3816 encepto.
737 3735 804 3815 qu
814 3755 895 3810 vero,
907 3738 989 3816 quod
999 3738 1039 3801 sd
1051 3760 1088 3803 sn
1099 3743 1215 3818 attinet,

119 3854 185 3915 qun
205 3833 316 3895 ciritnti
335 3852 368 3893 se
386 3830 551 3909 rsl'mquens
574 3828 656 3899 dicit,
669 3837 785 3889 tantm
803 3829 987 3907 respondeo:
1005 3830 1118 3910 siquid
1134 3819 1215 3911 prins

119 3926 222 3987 dutum
235 3927 372 4007 cuiqnam
384 3922 556 4003 monentis,
568 3920 711 3997 efficietis,
719 3921 924 4000 nequisquam
935 3923 1026 3983 etiam
1037 3922 1077 3983 de
1087 3924 1156 3987 ullis
1167 3942 1217 3985 rer·

118 4018 207 4098 liquis
227 4012 435 4079 donationibus
448 4032 570 4077 securus
582 4032 650 4075 esse
662 4014 769 4093 possit.
801 4012 879 4082 Nem
900 4018 973 4093 qs‘sn
991 4008 1086 4091 disier
1095 4014 1215 4077 'fiducie

118 4110 288 4173 essedebet
300 4110 338 4170 de
350 4110 488 4190 imagine,
501 4109 540 4169 de
552 4108 644 4183 victu,
665 4122 758 4186 quern
768 4104 807 4166 d'e
827 4103 1020 4176 inmantare,
1034 4114 1122 4183 mmm
1135 4108 1215 4187 prins

119 4202 219 4263 &mm
231 4196 408 4281 quibusdam
418 4198 598 4279 eripueritis?
618 4198 708 4265 Quod
721 4198 748 4258 si
759 4197 883 4257 nihileis
893 4197 925 4254 in
936 4213 969 4265 se
982 4196 1156 4260 inoennrrodi
1168 4199 1215 4259 in·

119 4303 208 4365 esset,
216 4304 312 4354 temen
323 4312 360 4353 ne
373 4292 445 4353 illud
460 4290 579 4371 quidem
592 4290 758 4351 comulnrm
769 4287 841 4347 milri
853 4286 1009 4357 insieme,
1023 4290 1089 4347 earn
1097 4288 1232 4361 ciniensi

67 4432 70 4443 .
118 4394 233 4447 nostre
244 4386 447 4449 munimen
457 4384 578 4463 imponi,
591 4400 652 4461 que
661 4381 712 4445 -vsl
733 4379 855 4443 mirrha
870 4378 1142 4459 muneque
1149 4403 1212 4447 ma·
