2934 5000
260 336 315 392 174
673 329 729 389 DE
752 329 935 391 cortona:
1017 423 1028 434 .

256 488 294 548 ad
308 507 355 547 res
366 486 510 565 gerendas
520 506 567 545 me
578 487 688 547 contuli
701 487 861 566 prohibitus
875 481 920 545 e'st
933 479 981 545 ille
995 505 1013 544 a
1026 505 1072 544 me
1085 485 1191 560 iacere,
1205 505 1243 546 ea
1263 491 1354 551 vobis'

255 582 286 641 in
305 576 469 640 memoriam
483 581 625 639 revocabo
639 599 796 658 eorumque
815 579 956 639 rationem
975 577 1129 657 proferam,
1149 579 1174 638 si
1188 579 1266 658 prius
1290 574 1352 642 boc'

256 673 414 752 subjecero.
435 670 637 743 Commodum,
658 671 860 741 Athenienses,
874 689 1063 750 permagnum
1081 667 1182 730 aderat
1199 671 1347 753 Philippo.

256 763 343 844 Apud
350 765 472 823 Graecos
483 764 569 835 enim,
580 784 638 822 non
647 764 701 822 hos
712 774 881 822 tautumaut
890 763 965 832 illos,
977 762 1028 821 sed
1038 781 1174 841 peraeque
1182 764 1345 840 universos,

256 875 340 933 seges
354 856 532 934 proditorum
551 866 581 914 et
594 855 795 933 largitionibus
810 853 979 912 inhiantium
995 863 1025 912 et
1044 854 1098 912 diis
1119 855 1277 915 invisorum
1289 858 1347 916 bo-

255 948 363 1006 minum
379 958 465 1007 enata
479 949 532 1006 fuit
546 957 635 1018 tanta,
650 959 760 1025 quauta
775 957 842 1026 post
852 947 997 1005 bominum
1012 947 1179 1006 memoriam
1194 948 1277 1007 nulla
1290 969 1346 1007 un-

256 1062 342 1121 quam
356 1044 514 1100 exstiterat.
547 1042 630 1104 Quos
651 1039 803 1119 Philippus
817 1039 1001 1098 administros
1016 1057 1050 1097 ae
1064 1037 1210 1118 adjutores
1229 1051 1346 1116 nactus,

255 1133 388 1204 Graecos,
403 1143 490 1193 antea
505 1133 580 1191 inter
601 1131 723 1190 semele
745 1129 887 1190 animatos
909 1141 938 1188 et
958 1130 1143 1202 dissidentes,
1159 1130 1197 1191 ad
1214 1133 1346 1211 pejorem

254 1226 340 1284 etiam
356 1235 464 1284 statum
478 1223 587 1302 adegit,
600 1223 670 1282 dum
689 1224 759 1284 alios
775 1224 896 1296 falleret,
911 1223 974 1282 aliis
988 1223 1151 1302 largiretur,
1172 1224 1245 1284 alios
1265 1228 1346 1286 omni

253 1317 364 1376 ratione
377 1326 582 1394 corrumperet,
603 1316 767 1394 multasque
788 1317 817 1376 in
837 1315 978 1375 sactiones
999 1335 1048 1375 eos
1070 1316 1215 1386 distraxit,
1237 1317 1345 1396 quibus'

254 1407 309 1468 hoc
323 1403 411 1468 unum
426 1408 599 1487 expediebat
620 1409 764 1479 omnibus,
785 1427 822 1467 ne
840 1407 889 1466 ille
902 1417 1044 1466 cresceret
1056 1408 1216 1486 probibere.
1240 1409 1272 1467 ln
1286 1411 1344 1470 hoc

252 1499 339 1580 igitur
358 1521 451 1561 rerum
472 1512 550 1560 statu
571 1513 601 1561 et
620 1504 649 1560 in
670 1521 783 1561 summa
803 1499 984 1579 ignoratione
1005 1501 1104 1560 adnati
1121 1502 1184 1581 jam
1198 1501 1345 1582 latiusque

252 1594 393 1673 serpentis
406 1593 475 1652 mali
488 1613 555 1652 cum
568 1593 667 1654 Greci
681 1613 781 1654 omnes
795 1601 988 1662 versarentur,
1004 1603 1131 1652 vestrum
1152 1604 1207 1664 est,
1221 1594 1345 1655 Atheni-

252 1705 348 1759 enses,
361 1688 516 1769 vobiscum,
527 1698 671 1764 reputare,
690 1687 761 1764 quid
776 1705 862 1763 agere
876 1684 1004 1764 quidque
1023 1685 1136 1744 efficere
1156 1684 1287 1746 decuerit
1302 1688 1343 1746 ci-

250 1779 378 1850 ritatem,
392 1787 534 1836 eteorum
548 1796 642 1834 rerum
656 1797 673 1835 a
687 1797 734 1835 me
748 1776 888 1836 rationem
903 1795 1073 1856 reposcere:
1094 1793 1162 1835 nam
1178 1779 1232 1856 qui·
1242 1780 1270 1838 in
1286 1779 1343 1839 boc

252 1889 284 1928 se
297 1871 368 1947 reip.
381 1866 577 1946 gubernandae
590 1868 656 1926 loco
667 1867 823 1926 collocavit
841 1869 863 1925 is
878 1887 933 1944 ego
948 1887 1022 1926 sum.

290 1963 339 2019 20.
360 1961 466 2020 Utrum
476 1978 540 2017 eam
554 1961 754 2028 conveniebat,
765 1957 915 2030 AEscbine,
929 1959 1083 2017 elationem
1095 1959 1173 2032 illam
1190 1961 1275 2022 animi
1289 1965 1341 2024 de-

250 2064 405 2132 ponentem
426 2070 543 2128 suaeque
561 2047 758 2128 amplitudinis
780 2050 920 2122 oblituros
912 2068 942 2106 m
963 2049 1066 2108 eodem
1080 2061 1169 2129 atque
1186 2053 1341 2117 Tbessalos

249 2144 439 2223 Dolopesque
448 2143 562 2218 positum
572 2159 693 2199 numero
704 2160 763 2200 una
778 2094 941 2220 Philipphm
953 2139 1091 2218 adjuvare
1102 2141 1272 2204 Graecorum
1287 2147 1341 2206 do-'

248 2239 388 2298 minatum
404 2235 596 2305 affectantem,
613 2234 811 2313 majorumque
825 2249 941 2293 suorum
959 2232 1070 2292 decora
1087 2245 1172 2313 atque
1181 2236 1249 2315 J'ura
1270 2242 1342 2300 abo·

249 2329 330 2390 lere?
353 2329 402 2388 An
422 2329 451 2387 id
464 2327 580 2406 quidem
594 2347 653 2385 non
667 2326 891 2404 iacere-grave
913 2325 989 2384 enim
1005 2327 1166 2386 mehercule
1186 2329 1241 2388 hoo
1266 2331 1341 2391 fuisss

248 2433 342 2491 set—,
354 2420 406 2481 sed
419 2441 485 2499 quae
498 2421 605 2492 lutura,
616 2419 671 2478 nisi
680 2407 748 2496 'quis
757 2414 928 2496 prohiberet,
937 2417 1064 2489 videbat,
1075 2428 1108 2477 et
1117 2417 1206 2478 multo
1215 2433 1292 2495 ante,
1305 2435 1342 2485 ut

248 2514 399 2573 verisimile
409 2522 464 2582 est,
477 2512 692 2590 praesentiebat,
709 2528 745 2567 ea
765 2528 802 2567 ne
815 2509 984 2568 acciderent
996 2509 1074 2569 haud
1088 2513 1240 2591 quicquam
1254 2514 1340 2577 labo-'

247 2604 331 2665 rarel
352 2604 440 2682 Atqui
454 2602 577 2661 libenter
590 2602 706 2679 quidem
721 2620 756 2660 ex
770 2621 806 2660 eo
820 2602 869 2679 qui
889 2614 1028 2661 res'meas
1043 2596 1140 2681 gestas
1154 2606 1201 2663 vel
1215 2610 1338 2669 maxime

248 2695 431 2775 reprehendit
445 2693 618 2772 quaesierim,
628 2712 716 2770 quam
727 2690 844 2751 tandem
856 2706 966 2752 sectam
979 2694 1123 2754 civitatem
1133 2706 1261 2757 nostram
1272 2720 1338 2760 esse

248 2786 318 2845 velit
330 2796 471 2856 secutam,
483 2804 520 2843 an
535 2784 614 2843 illam
628 2805 694 2863 qum
705 2784 896 2843 communiter
909 2804 968 2845 cum
983 2784 1107 2879 Philippo
1120 2788 1261 2849 malorum
1275 2802 1337 2851 omss

246 2878 327 2937 nium
341 2896 375 2957 ιο
389 2876 565 2935 dedecorum
579 2875 692 2935 Grecis
706 2895 796 2936 cause
805 2876 922 2948 exstitit,
935 2878 965 2936 in
980 2898 1038 2956 qua
1034 2874 1206 2940 Thessalos
1224 2902 1337 2942 eorum-

248 2990 305 3049 que
319 2968 413 3027 socios
427 2986 616 3026 annumerare
621 2968 736 3057 possis,
750 2988 787 3025 an
801 2967 878 3027 illam
899 2988 964 3047 quoe
977 2964 1040 3028 haec
1057 2970 1118 3029 fieri
1136 2993 1224 3051 passa
1237 2987 1282 3035 est
1300 2998 1336 3039 ac

246 3060 375 3143 neglexit
382 3060 557 3139 pnvetarum
567 3078 683 3117 suarum
694 3078 782 3136 opum
797 3054 1062 3138 amplificandarum
1077 3083 1139 3141 spe,
1152 3084 1211 3141 quo
1225 3068 1253 3125 in
1267 3062 1334 3131 loco

247 3152 378 3235 Arcadas
389 3164 419 3211 et
429 3151 592 3210 Messenios
602 3162 633 3210 et
642 3150 766 3229 Argivos
777 3152 937 3230 ponamus?
958 3152 1014 3211 Sed
1026 3156 1336 3232 etmultihorum',1mo

146 3238 155 3243 ’
245 3264 315 3304 vero
338 3264 438 3303 omnes
454 3242 537 3322 pejus
552 3232 638 3321 quam
652 3262 706 3301 nos
721 3242 926 3303 discesserunt.
963 3244 1155 3305 Enimvero
1133 3268 1157 3306 si
1171 3252 1278 3335 statim,
1303 3266 1336 3314 ut

245 3338 314 3397 sicit
327 3337 488 3442 Philippus,
508 3336 627 3396 abiisset
639 3356 676 3395 ac
689 3328 795 3395 deinde
813 3338 903 3397 otium
921 3335 1037 3417 egisset,
1060 3341 1168 3401 nemini
1188 3364 1282 3424 neque
1295 3369 1333 3408 ex

247 3430 339 3487 sociis
346 3430 405 3487 suis
426 3450 534 3516 neque
539 3450 575 3488 ex
587 3430 701 3488 caeteris
723 3429 837 3490 Graecis
857 3428 967 3523 uspiam
989 3432 1106 3492 allata
1098 3434 1212 3514 injuria,
1236 3455 1334 3504 essent
1377 3474 1380 3482 ·

245 3533 342 3579 tamen
355 3521 374 3577 ii
387 3540 438 3597 qur
430 3522 602 3580 conatibus
612 3520 690 3581 illius
704 3542 764 3581 ιιοιι
777 3516 943 3582 restiterant
953 3522 1049 3601 aliqua
1058 3544 1094 3582 ex
1107 3537 1198 3602 parte
1204 3530 1291 3634 culpa
1303 3544 1335 3594 et

245 3610 431 3671 accusatione
444 3612 543 3689 digni:
566 3613 650 3672 sed'
627 3633 650 3671 ιι
662 3633 796 3718 perteque
807 3608 940 3673 omnibus
948 3615 1129 3693 dignitatem,
1140 3616 1333 3717 principatum

244 3703 436 3775 libertatem,¹
429 3723 517 3762 immo
537 3706 623 3764 etiam
638 3715 669 3764 et
682 3706 753 3785 reip.
777 3725 838 3764 sum
851 3707 973 3766 sormam
991 3710 1215 3788 quibuscunque
1228 3706 1332 3793 potiris,

245 3798 365 3865 ademit,
380 3814 478 3855 nonne
491 3816 544 3855 vos
557 3798 682 3856 omnium
703 3799 910 3877 gloriosissimo
923 3802 972 3875 usi
983 3796 1053 3861 estis
1066 3803 1193 3864 coasilio
1200 3809 1248 3898 qui
1262 3811 1332 3871 milri

245 3888 400 3970 paruistis?
422 3888 481 3945 Sed
494 3887 563 3945 illuc
576 3898 711 3947 revertor.

284 3986 332 4041 21.
355 3980 434 4049 Quid
454 3979 597 4037 civitatem
612 3989 750 4051 nostram,
771 3980 918 4055 AEschine,
934 3996 997 4043 tum
1015 3985 1111 4046 facere
1132 3992 1331 4081 conueniebat,

244 4094 311 4134 oum
325 4073 488 4151 Philippum
500 4070 610 4130 rideret
618 4070 811 4150 principatum
825 4074 921 4132 sibim
935 4074 1056 4137 Graecos
1070 4098 1106 4139 ac
1120 4076 1239 4160 regnum
1249 4104 1331 4144 com·

244 4164 416 4249 parantem?
436 4162 563 4250 autquid
574 4182 621 4223 me
634 4162 829 4222 consiliarium
842 4166 938 4226 dicere
951 4178 1002 4227 aut
1014 4170 1170 4231 decernere
1180 4177 1332 4278 oportebat

244 4257 475 4336 Athenis-nam
487 4256 543 4314 boc
556 4255 708 4340 plurimum
727 4255 853 4315 refert—
855 4279 926 4337 ,qur
919 4258 1063 4321 sciebam
1080 4264 1116 4321 ab
1131 4268 1213 4325 omui
1221 4286 1332 4359 memo-

242 4327 334 4406 riaad
346 4352 412 4406 eum
426 4368 517 4427 usque
532 4348 620 4421 diem,
633 4353 689 4426 qu'o
703 4347 751 4407 die
762 4368 817 4428 ego
830 4351 861 4409 in
872 4356 1041 4447 suggestum
1054 4348 1249 4430 adscendi,
1216 4378 1332 4441 semper

244 4439 291 4498 de'
293 4438 457 4518 pir'o'cipritu
476 4440 655 4519 honoreque
663 4460 697 4500 ac
722 4441 814 4521 gloria
832 4436 953 4523 patriam
977 4441 1153 4521 decertasse,
1168 4448 1331 4533 pluresque
