2934 5000
508 321 744 386 reinsertus
765 324 823 384 ιιι.
1169 328 1218 385 ss.
1283 369 1287 376 .
1350 381 1355 400 ,

121 477 228 556 anrin
239 495 302 538 rem
314 479 442 540 verbsn
455 483 532 552 sunt,
546 479 608 538 sine
622 477 789 539 s'dulstione
798 475 897 548 audire
909 477 1022 551 voletis,
1035 479 1131 541 dicere
1141 489 1208 540 suus

6 591 7 608 ι
119 571 249 648 pentus.
290 570 421 632 Tametsi
441 573 517 631 enim
531 573 576 632 res
592 573 709 632 omnino
724 572 978 645 muleselsebent,
990 573 1139 652 multaque
1155 595 1209 654 per

121 663 283 722 soc'or'disnr
297 665 451 742 perierunt,
461 673 559 724 tamen
573 683 626 737 ese,
641 665 666 724 si
677 683 730 724 ros
747 666 793 724 vel
810 683 889 724 nunc
901 665 998 725 officio
1011 665 1095 743 fungi
1108 665 1208 726 volue-

118 752 191 824 ritis,
204 773 305 814 ornnes
328 755 431 834 corrigi
453 765 585 834 possunt.
626 757 674 818 Ac
695 757 800 816 mirum
820 756 943 816 tomes
964 754 1110 821 videbitur
1129 757 1209 834 quod

119 843 226 915 dicem,
242 845 296 905 sed
305 865 423 906 rerum:
444 846 523 923 qnod
535 846 688 925 preteritis
698 847 876 925 temporibus
884 847 941 907 tuit
949 847 1116 927 pessimum,
1125 847 1156 906 id
1169 847 1209 907 sd

118 933 216 997 futuro
229 944 277 995 est
297 938 447 1014 optimum.
484 937 568 1002 ,Quid
590 937 678 1015 igitur
699 937 729 996 id
752 938 817 1000 esti
837 939 917 1017 quod
940 939 1012 998 durs
1036 958 1087 997 vos
1109 957 1206 1016 neque
1305 988 1308 999 .
1351 895 1356 902 Ι

117 1028 366 1105 rirsgnusnneque
378 1044 500 1107 parvum
514 1028 668 1106 quicquam
683 1029 763 1106 quod
777 1041 892 1108 oportet
903 1030 1011 1101 fecitis,
1025 1049 1071 1091 res
1085 1031 1161 1090 mele
1175 1049 1209 1090 se

117 1115 240 1192 hebent,
253 1127 320 1198 queo
330 1120 365 1190 si,
375 1120 459 1180 robis
468 1121 602 1180 omnibus
613 1118 706 1180 officio
714 1119 912 1198 iungentibus,
923 1121 954 1180 in
962 1121 1020 1180 hoc
1028 1120 1210 1194 locoessent,

118 1225 158 1267 ne
172 1220 239 1288 spes
252 1208 373 1288 quidem
386 1210 595 1288 relinqueretur
608 1229 657 1270 ess
671 1210 734 1269 sore
747 1210 893 1270 meliores.
934 1212 1022 1270 Nune
1045 1212 1208 1273 socordiam

116 1308 290 1360 v'es'trsrnet'
299 1301 506 1380 negligentiam
518 1300 841 1380 supereritl'hilippus,
856 1301 1002 1362 civitatem
1015 1321 1076 1360 non
1088 1321 1211 1382 superes

118 1391 172 1462 rit,
186 1409 282 1470 neque
292 1392 361 1454 victi
373 1411 436 1464 vos,
450 1403 481 1452 st
493 1393 625 1452 nondnm‘
637 1392 704 1452 looo
716 1391 789 1452 moti
801 1393 882 1452 estis.

161 1485 190 1542 ³.
213 1483 341 1550 Quodsi
362 1503 463 1545 omnes
485 1485 686 1544 confiteremur
708 1483 876 1564 Philippum
894 1503 992 1563 gerere
1014 1484 1123 1547 bellum
1143 1504 1212 1544 curn

115 1591 181 1652 rep.
194 1583 226 1634 et
237 1590 339 1653 paceni
351 1575 469 1646 violare,
484 1575 555 1642 nihil
569 1575 648 1636 uliud
658 1583 799 1635 oremrens
810 1575 907 1636 dioere
920 1585 952 1636 et
960 1576 1113 1636 consulere
1125 1595 1212 1656 opor·

115 1673 204 1739 teret,
217 1686 305 1746 quern
319 1684 378 1747 quo
389 1679 476 1750 pecto
490 1667 656 1747 Philippum
666 1679 697 1728 et
706 1667 849 1728 tutissime
862 1679 895 1729 et
906 1667 1042 1728 facillime
1055 1667 1212 1736 ulciseere·

115 1767 200 1818 mur:
221 1777 288 1844 curn
300 1771 396 1822 entem
417 1779 459 1821 eoe
479 1760 539 1820 sint
552 1760 733 1840 quorundam
746 1760 874 1840 ineptire,
896 1769 941 1832 ut,
953 1761 1039 1820 urbes
1058 1759 1112 1819 illo
1124 1779 1213 1819 occu·

116 1859 207 1928 pente
217 1861 249 1911 et
259 1852 352 1914 mults
365 1872 431 1931 quoe
443 1863 542 1912 vestre
553 1862 623 1914 sunt
642 1852 793 1914 obtinente
802 1864 834 1912 et
847 1871 952 1912 omnes
964 1853 1213 1930 mortalesexsgi·

116 1950 211 2015 unte,
224 1947 368 2021 quosdam
382 1945 477 2004 terent
495 1945 526 2004 in
539 1946 729 2008 concionibus
743 1947 868 2008 subinde
880 1946 1059 2018 dictitantes,
1077 1956 1212 2007 nostrum

116 2042 185 2094 eote
206 2035 352 2111 quosdam
376 2035 427 2111 qui
445 2035 555 2094 bellum
568 2038 740 2108 excitemus,
753 2049 839 2098 ceute
860 2038 943 2099 nobis
962 2037 1108 2117 egendum
1131 2048 1164 2098 et
1175 2057 1213 2098 ee

117 2125 220 2204 opinio
229 2124 384 2184 relutsnde
397 2133 463 2192 eutr
484 2145 552 2184 uum
563 2129 722 2186 verendum
740 2130 790 2200 sit,
803 2149 843 2188 ne
857 2128 933 2207 quis,
957 2130 1007 2188 ubi
1028 2130 1175 2209 scripserit
1182 2137 1214 2190 et

120 2215 247 2276 russerit
268 2214 482 2294 propulsandas
495 2233 561 2274 esse
577 2217 706 2294 injurias,
720 2218 752 2277 in
765 2219 872 2278 crimen
885 2220 1004 2278 acitsti
1025 2220 1094 2280 belli
1104 2221 1213 2281 reniet.

106 2307 255 2386 ¹Egolroo
264 2308 388 2387 primum
398 2308 525 2378 omnum
536 2316 633 2368 stetuo
643 2320 674 2368 et
682 2307 799 2380 delinio,
807 2310 883 2369 sitne
894 2310 978 2370 nobis
988 2312 1132 2389 integrum
1141 2331 1214 2372 con·

118 2399 227 2471 sulere,
235 2408 332 2460 utrum
341 2419 447 2479 pacem
455 2418 540 2478 egere
550 2417 587 2458 sn
599 2419 699 2480 gerere
711 2399 820 2460 bellum
828 2409 970 2480 oporteat.
1000 2401 1033 2460 Si
1045 2403 1133 2480 igitur
1144 2403 1216 2462 oiri·

104 2491 272 2555 resilisset
280 2512 383 2573 pacem
392 2512 480 2572 ogere
491 2491 587 2556 ethoc
598 2491 934 2572 nobisinsegrumsit,ut
942 2491 1011 2553 inde
1019 2493 1124 2565 ordior,
1135 2495 1214 2555 sffir·
1315 2520 1330 2549 o

118 2604 170 2645 nno
182 2604 239 2663 ego
256 2604 359 2665 pecern
372 2585 516 2664 egendum
532 2604 596 2647 esse
617 2587 710 2659 nobis,
723 2595 757 2644 et
768 2584 895 2664 postulo,
907 2594 942 2645 ut
953 2586 980 2643 is
991 2586 1043 2663 qui
1054 2585 1121 2645 htec
1131 2587 1216 2661 dicit,

120 2681 271 2740 decretum
288 2678 418 2756 proferet
430 2696 549 2757 remque
568 2677 701 2739 absolvet
714 2688 745 2738 et
763 2690 822 2739 non
842 2676 1042 2738 fraudulenter
1059 2690 1146 2757 aget:
1166 2680 1213 2741 sin

122 2772 206 2843 ulter,
220 2792 287 2832 cnm
313 2790 392 2831 erma
415 2771 445 2829 in
467 2770 601 2831 munibus
620 2769 729 2831 hubent
747 2778 778 2829 et
799 2788 924 2847 megum
943 2767 1043 2849 copies
1067 2770 1147 2831 circs
1168 2790 1213 2849 se,

120 2882 228 2924 nomen
242 2864 324 2942 ponis
338 2862 420 2921 robis
433 2861 543 2940 objicit,
553 2861 642 2921 sectis
655 2861 725 2921 belli
738 2862 801 2939 ipse
813 2861 915 2931 utitur,
924 2860 994 2940 quid
1011 2861 1153 2939 reliquum
1166 2871 1215 2922 est

87 2984 91 2991 ·
120 2954 201 3036 eliud
213 2963 316 3033 piseter
329 2952 487 3029 ultionem?
527 2952 615 3017 Quod
629 2953 654 3011 ei
675 2952 801 3031 profiteri
811 2953 909 3025 vultis,
922 2964 957 3013 nt
970 2951 1030 3025 ille,
1042 2972 1095 3013 vos
1110 2972 1213 3031 pacem

122 3064 221 3125 egere,
235 3065 294 3105 non
307 3044 448 3121 refragor.
491 3044 523 3103 Si
547 3042 612 3121 quis
633 3053 731 3103 autem
752 3064 819 3105 earn
840 3064 943 3123 pacem
965 3064 1030 3104 esse
1052 3052 1148 3124 putet,
1160 3066 1213 3127 per

119 3156 210 3216 quem
225 3136 284 3205 ille,
296 3136 409 3197 ceteris
429 3134 522 3213 ceptis
545 3134 689 3205 omnibus,
707 3145 811 3195 contro
830 3155 884 3195 nos
899 3146 1036 3195 venturus
1049 3146 1104 3209 est,
1117 3136 1142 3195 is
1155 3139 1215 3216 pri·

119 3248 204 3289 snum
230 3228 348 3297 incenit,
369 3226 477 3287 deinde
499 3246 602 3304 pacem
618 3236 745 3288 restrum
771 3247 843 3306 erga
863 3228 957 3299 illum,
980 3247 1041 3287 non
1053 3227 1130 3289 illius
1142 3251 1214 3310 ergo

119 3341 186 3390 vos,
199 3328 425 3381 commemoret:
445 3318 518 3378 illud
531 3328 629 3380 sutem
641 3328 688 3379 est
700 3319 781 3396 quod
794 3321 928 3380 omnibus
938 3319 1000 3379 suis
1012 3320 1214 3397 largitionibus

120 3412 277 3492 Philippus
291 3419 446 3481 mercetur,
465 3419 500 3470 ut
522 3428 589 3469 curo
613 3410 676 3488 ipse
688 3409 809 3470 bellum
826 3410 975 3471 vobiscum
994 3422 1087 3490 geret,
1100 3433 1120 3473 o
1130 3417 1213 3477 vobis

119 3504 198 3565 bello
211 3525 271 3565 non
284 3514 409 3583 petetur.
451 3503 560 3561 Verum
575 3500 600 3561 si
615 3499 757 3579 tantisper
766 3501 977 3572 cusentinus,
991 3502 1060 3563 dun
1075 3508 1212 3567 senobis·

19 3616 24 3625 ’
120 3617 188 3659 cum
201 3597 371 3675 belligerare
380 3595 517 3667 fetentur,
533 3593 640 3653 erimus
654 3592 783 3651 omnium
796 3591 994 3653 stolidissimi:
1015 3599 1216 3675 nequeenim,

120 3690 238 3751 mebi
260 3690 389 3749 Atticum
411 3688 503 3767 ipsum
527 3684 706 3747 invaseritet
719 3684 868 3754 'Piroeunu
891 3684 948 3745 hoc
970 3686 1059 3760 dicet,
1082 3690 1107 3749 si
1127 3692 1213 3751 exiis

120 3800 195 3859 quse·
201 3782 231 3838 in
246 3781 320 3841 elios
334 3780 404 3839 lecit
416 3779 586 3857 conjecturo
597 3775 742 3857 capiendo
751 3787 807 3835 est.
850 3776 899 3837 Sic
912 3778 988 3837 enim
1002 3789 1035 3840 et
1053 3779 1212 3859 Olynthiis,

75 3906 78 3910 ·
120 3890 174 3932 ron
197 3873 250 3931 riri
273 3872 469 3951 quadraginta
486 3870 524 3931 sb
544 3870 617 3929 urbe
644 3868 748 3929 stadiis
773 3868 897 3941 dimne,
918 3870 1020 3942 edixit,
1041 3872 1216 3937 alterutrum·
1311 3914 1316 3923 .

120 3965 183 4025 lieri
193 3974 338 4044 oportere,
356 3961 558 4043 vel.Olyntlro
580 3961 638 4021 illis
653 3961 857 4023 excedendum
876 3961 924 4021 rel
944 3962 999 4023 sibi
1022 3962 1213 4036 Mseedonie,
1246 4006 1250 4009 -
1313 3959 1316 3964 ’

121 4057 269 4136 superiore
283 4056 362 4117 omni
385 4064 525 4134 tempore,
539 4054 564 4114 si
576 4054 641 4133 quis
655 4054 681 4114 ei
694 4053 755 4114 tsle
773 4053 884 4133 aliquid
895 4053 1007 4113 crimini
1020 4053 1115 4131 dsret,
1135 4054 1212 4115 indi·

121 4156 263 4227 gne‘turus
274 4149 378 4209 scilicet
389 4158 420 4209 et
432 4147 547 4227 legatos
560 4146 702 4211 missurus
715 4146 767 4224 qni
778 4164 810 4204 se
820 4154 1010 4211 excusarent:
1026 4144 1068 4203 sic
1081 4144 1120 4205 sd
1134 4144 1212 4209 Pbol

121 4260 235 4313 censes,
254 4250 394 4319 tenqosm
413 4240 452 4299 ssl
472 4238 577 4309 socios,
599 4248 657 4299 est·
674 4239 832 4317 profectus,
857 4247 889 4296 et
907 4236 997 4312 legati
1017 4234 1212 4303 Phocensiunr

120 4352 189 4393 eurn
225 4334 458 4414 proficiscentem
489 4331 712 4402 comitabuntur,
745 4338 778 4389 et
803 4328 880 4406 spud
904 4346 958 4386 nos
981 4329 1065 4389 multi
1090 4345 1213 4395 conten-

115 4424 239 4502 debntt,
265 4430 327 4506 g'us
361 4410 523 4503 ingressum
545 4442 605 4485 oon
632 4442 650 4483 e
676 4442 707 4485 re
730 4420 793 4482 sore
812 4420 1029 4483 Thebanorum.
1078 4426 1156 4492 an
1180 4438 1217 4489 ee
