2934 5000
437 709 928 810 WUNDERLICHII
1022 692 1025 698 ’

314 955 331 1005 s
526 901 804 1002 'lossrsrs

301 1124 624 1203 carricare
669 1121 784 1190 rao
828 1113 1081 1226 cenosa.
1175 1187 1180 1194 ,

172 1322 220 1376 De
238 1315 413 1388 dispositione
422 1314 483 1382 ipsa
498 1308 582 1363 totius
595 1303 725 1359 orationis
738 1302 760 1353 si
772 1297 914 1369 quaeritur,
923 1293 1147 1357 Demosthenem,
1157 1289 1230 1362 quod

139 1405 175 1458 ah
186 1400 340 1457 oratoribus
351 1399 379 1449 in
390 1393 490 1454 causis,
501 1407 564 1461 qnae
576 1386 650 1457 apud
657 1384 768 1453 judices
779 1384 906 1449 aguntur,
917 1377 1032 1446 publicis
1045 1375 1101 1428 fere
1113 1374 1231 1443 postula·

139 1491 193 1544 tur,
204 1483 234 1535 in
246 1486 300 1534 tres
311 1495 371 1532 sam
383 1472 555 1529 distribuisse
565 1473 665 1538 partes,
677 1463 843 1527 Exordium,
855 1458 1017 1528 Argumenti
1028 1456 1229 1524 tractationem,

139 1572 169 1621 st
180 1563 390 1623 Perorationenr,
401 1554 513 1610 lecturis
524 1553 604 1606 facile
616 1546 765 1617 apparebit.
802 1538 958 1597 Exordium
967 1539 990 1608 i.
1005 1541 1100 1590 1-16.
1111 1551 1165 1603 quo
1175 1536 1233 1587 ien-

135 1664 171 1716 ge
180 1641 398 1716 splendidissimo
409 1640 504 1691 ornata
515 1633 614 1704 prodiit
621 1631 681 1683 haec
690 1628 786 1690 oratio,
794 1626 874 1680 solito
885 1622 992 1688 longius
1003 1621 1043 1670 ita
1052 1616 1232 1684 compositum

138 1733 191 1794 est,
203 1730 236 1781 ut
247 1721 390 1778 commode
400 1719 486 1788 possit
494 1718 522 1770 in
534 1715 602 1768 duas
609 1706 747 1778 dispertiri
761 1709 862 1775 partes.
895 1699 1021 1768 alterat.
1035 1703 1112 1753 1—4.
1120 1697 1185 1751 deos
1194 1699 1234 1750 in-

137 1813 229 1872 vocat,
242 1811 273 1860 ut
281 1801 506 1861 benevolentiam,
516 1811 573 1865 qua
584 1793 683 1860 dignus
696 1790 739 1851 sit,
751 1787 897 1854 fidemque,
906 1781 1012 1850 legibus
1024 1784 1053 1833 et
1064 1779 1235 1848 jurijurando

139 1893 268 1955 debitam,
280 1887 307 1940 in
318 1885 444 1955 judicum
457 1879 554 1933 animis
564 1877 697 1941 integram
710 1869 761 1922 sibi
773 1871 889 1921 servent.
927 1863 1045 1917 Duobus
1062 1862 1135 1915 enirn
1148 1860 1236 1913 maxi-

139 1975 193 2028 mis
205 1988 263 2026 sess
274 1968 343 2023 attici
351 1967 379 2019 in
390 1965 442 2018 hae
453 1960 627 2014 contentione
638 1951 760 2005 ostendit
768 1945 961 2010 incommodis,
972 1945 1088 2012 primum
1101 1943 1236 2011 magnitu-

140 2056 205 2108 dine
215 2059 308 2115 nox'ae,
320 2063 412 2117 qnam,
425 2057 508 2096 cansa
519 2038 543 2092 si
555 2036 697 2091 cecidisset
706 2031 865 2101 Ctesiphon,
877 2029 934 2097 ipse
944 2033 1072 2094 capturus
1084 2026 1126 2090 sit,
1136 2022 1236 2077 deiude
1315 2025 1316 2030 ’

139 2136 335 2207 predicatione
351 2141 439 2181 rernm
452 2142 469 2176 a
480 2137 508 2174 se
520 2125 666 2189 gestarum,
676 2129 788 2182 prorsus
798 2111 959 2172 necessaria,
972 2123 1034 2176 quae
1045 2111 1139 2159 contra
1152 2122 1180 2158 se
1197 2106 1237 2158 fa-

140 2221 197 2272 ciat
216 2217 371 2286 plurimum.
407 2204 536 2270 Alterai.
547 2203 643 2254 ὁ-Ιθ.
657 2198 747 2260 docet,
757 2196 903 2261 antequam
916 2191 945 2240 in
956 2189 1043 2254 ipsam
1056 2189 1238 2240 senatuscon·
1324 2237 1331 2254 ⁸

143 2300 207 2353 sulti
218 2294 403 2352 defensionem
417 2286 595 2356 ingrediatur,
605 2281 773 2332 voluntatem
783 2273 918 2340 judicum,
931 2269 1088 2321 criminibus
1099 2269 1237 2322 AEschinis

143 2380 308 2450 meinimis
327 2378 353 2431 si
372 2375 440 2427 forte
459 2368 495 2422 sit
511 2366 637 2425 alienata,
647 2359 680 2412 iis
697 2354 846 2410 refutandis
866 2351 917 2404 sibi
929 2366 988 2403 esse
1000 2349 1237 2402 reconciliandam.
1260 2385 1263 2392 »

144 2465 244 2534 ltaque
257 2461 291 2516 ad
305 2457 427 2521 crimina,
437 2453 502 2507 ritas
519 2448 634 2519 privata
647 2443 731 2503 dicta,
742 2450 825 2507 quam
837 2431 995 2486 brevissime
1007 2431 1030 2498 ς.
1042 2434 1068 2483 e.
1079 2431 1118 2482 ita
1130 2446 1239 2498 respen-

145 2550 202 2609 det,
214 2550 246 2599 ut
256 2541 424 2602 AEschinern,
433 2537 517 2590 sitam
530 2523 725 2584 Demosthenis
736 2522 759 2590 ξ.
773 2522 815 2572 19.
829 2518 994 2585 carpentem,
1004 2514 1083 2581 longe
1093 2518 1189 2581 postse
1199 2530 1241 2565 re·

144 2631 260 2697 linquat.
296 2626 352 2679 Res
368 2619 467 2674 deinde
480 2613 591 2684 publice
601 2611 692 2677 gestas
710 2603 879 2663 defensuros,
891 2597 913 2664 ς.
931 2600 958 2649 6.
971 2593 1113 2647 consilinm
1131 2610 1242 2647 ascesa-

145 2710 227 2763 tionis
238 2709 395 2770 insectatur,
406 2698 621 2761 AEschinemqne
642 2687 765 2741 animum
777 2674 1063 2733 malevolentissimum
1082 2675 1188 2745 sibique
1199 2676 1241 2728 in·

145 2790 319 2846 festissimum
332 2786 460 2856 probasse
472 2777 568 2846 arguit,
583 2773 712 2841 primum,
725 2763 800 2837 quod
819 2760 963 2815 malefacta
973 2762 1051 2811 tanta
1065 2773 1118 2811 non
1134 2758 1241 2826 singula

145 2874 219 2938 olim,
227 2888 278 2925 suo
290 2871 418 2940 quodque
427 2871 559 2930 tempore,
572 2856 660 2908 ultum
671 2850 759 2913 iverit,
772 2844 894 2900 secunde
903 2843 973 2907 loco,
986 2840 1059 2909 qnod
1075 2856 1104 2893 se
1123 2841 1240 2907 ulturus,

147 2971 201 3009 nen
212 2972 240 3006 se
252 2954 341 3022 ipsum
353 2960 496 3017 aggressus
508 2942 552 3005 sit,
561 2937 610 2991 sed
621 2938 648 2989 in
656 2930 862 3000 Ctesiphontem
871 2924 960 2994 petius
968 2924 1042 2975 litem
1053 2925 1081 2975 et
1091 2938 1190 2975 noxam
1200 2923 1243 2975 in-

147 3036 274 3091 tenderit.
313 3032 421 3095 Quibus
432 3028 460 3079 in
477 3023 634 3077 universnm
650 3012 803 3081 disputatis,
816 3024 880 3062 cnm
893 3008 927 3059 de
939 3006 992 3059 tide
1004 3004 1125 3058 omnium
1148 3004 1243 3057 adver-

146 3118 208 3172 sarii
218 3112 431 3168 criminationem
443 3106 558 3158 multum
566 3097 737 3159 detraxisset,
748 3095 777 3145 et
788 3104 892 3160 pacem,
905 3102 969 3139 cum
979 3086 1104 3154 Philippo
1116 3088 1203 3138 aasz
1217 3102 1242 3137 a.
1311 3088 1314 3097 ’

148 3200 213 3253 Chr.
224 3199 279 3250 suis
294 3190 412 3247 decretis
422 3202 478 3241 non
489 3180 678 3251 compositam,
687 3179 794 3244 purgat,
806 3176 834 3224 et
845 3167 983 3223 AEschinis
998 3166 1150 3233 corruptela
1160 3172 1242 3234 atque

147 3278 300 3351 proditione
315 3289 379 3327 eum
392 3264 601 3324 Atheniensibus
613 3266 699 3312 terras
707 3254 833 3309 Thracios
845 3252 915 3303 inter
926 3262 1021 3317 pacem
1033 3246 1245 3302 confirmandam

45 3387 51 3399 ·
149 3382 167 3417 a
178 3362 305 3429 Philippo
316 3357 433 3424 ereptas,
441 3354 501 3403 tnm
512 3341 698 3400 Phocensibos
710 3338 769 3405 ejus
780 3333 927 3402 irruptione
939 3328 1113 3395 necopinato
1125 3327 1153 3379 in
1166 3328 1245 3382 Graa-

149 3447 220 3500 ciam
233 3443 305 3495 faeta
314 3438 453 3492 interitum
463 3445 522 3484 esse
531 3420 759 3496 paratum,fnsius
767 3422 795 3469 ct
804 3413 923 3468 dilucide
932 3410 1061 3478 explicat.
1079 3408 1168 3475 Unde,
1181 3426 1244 3465 cnm

150 3532 180 3584 in
192 3526 319 3580 omnihus
328 3523 385 3575 fere
394 3511 550 3568 civitatibus
556 3506 722 3575 proditomm
731 3512 847 3565 magnus
854 3497 1002 3562 proventus
1013 3490 1128 3544 eandem
1138 3491 1246 3546 AEschi-

151 3614 179 3665 ni
198 3608 344 3662 utilitatem
361 3595 478 3665 Philippi
491 3592 602 3651 foveret,
614 3586 717 3639 factum
738 3594 799 3633 esse
820 3576 996 3639 demonstrat,
1008 3575 1041 3625 ut
1052 3573 1159 3627 Gracia
1172 3579 1245 3628 statu

152 3710 202 3747 sno
214 3690 327 3761 pristino
337 3684 443 3752 dejecta
452 3678 605 3733 libertatem
617 3666 745 3722 amiserit.

186 3774 251 3828 Jam
262 3766 401 3825 AEsehims
419 3756 571 3830 proditione
582 3748 754 3805 acerbissime
774 3745 875 3808 notata,
888 3741 1043 3794 innocentia
1059 3756 1108 3793 sua
1119 3742 1245 3811 purgata,

152 3857 187 3909 nd
199 3852 389 3909 tractationem
405 3838 558 3912 argumenti
573 3837 661 3903 ipsam
678 3826 856 3900 progreditur,
868 3840 929 3892 quae
951 3823 1062 3891 perinde
1075 3822 1142 3873 duas
1154 3824 1244 3888 partes

153 3935 352 4006 complectitur,
365 3924 549 3982 detonsionem
565 3909 800 3971 senatusconsulti
819 3908 843 3976 t.
856 3908 968 3961 18-30.
991 3909 1019 3956 et
1037 3900 1245 3969 descriptionem

154 4033 259 4072 morum
270 4015 458 4076 factorumque
474 3997 621 4058 adversarii
637 3997 660 4065 ς.
671 3997 785 4049 39-91.
822 3988 863 4042 Ut
873 3988 955 4055 igitur
967 3983 1147 4037 defensionem
1160 3980 1246 4034 Ctesi·

153 4100 263 4170 phontis
272 4113 301 4149 se
306 4090 456 4164 Jnstissime
468 4084 604 4151 suscipere
616 4084 740 4141 testetur,
752 4086 840 4127 rerum
853 4069 976 4122 ordinem
987 4079 1041 4117 non
1052 4062 1086 4113 sd
1098 4060 1246 4117 orationem

155 4179 301 4243 AEschinis,
312 4172 441 4245 quoditie
453 4168 475 4236 ς.
485 4170 529 4221 69.
542 4165 639 4217 iterum
651 4160 804 4223 iterumque
815 4150 1006 4221 postulaverat,
1015 4141 1061 4195 sed
1075 4140 1109 4193 ad
1125 4140 1245 4197 lihstlunr

156 4262 225 4331 ejus,
239 4260 276 4312 ad
286 4256 453 4312 Archontem
472 4248 603 4307 delatum,
614 4240 693 4308 cujus
703 4237 794 4304 capita
803 4246 884 4300 supra
895 4223 1030 4298 proposui,
1042 4221 1065 4288 ξ.
1076 4226 1119 4276 18.
1136 4240 1247 4294 compo.
1341 4262 1345 4269 ,

156 4345 206 4398 nit
243 4344 409 4397 ostensuros
427 4336 518 4400 itaque
539 4328 655 4396 primum
668 4322 691 4388 t.
705 4322 740 4371 18
755 4316 880 4369 tin-31.
899 4304 1102 4373 Ctesiphontem
1115 4322 1168 4361 nee
1180 4307 1248 4361 falsa

160 4427 195 4480 rte
206 4423 306 4478 virtute
317 4436 367 4474 sua
375 4424 403 4470 et
411 4408 601 4471 benevolentia
610 4404 779 4474 predicasse,
790 4410 831 4449 res
843 4407 891 4461 pro
902 4387 1088 4443 incolumitate
1099 4389 1246 4445 Athenien.
