2934 5000
270 331 330 390 426
579 321 749 387 CONTRA
772 315 1064 384 TIMOCBATEM.

266 479 392 547 Desine.
413 481 487 543 Mox
509 484 588 551 enim
606 477 775 559 singulatim
789 473 887 538 omnia
899 475 990 553 leges.
1017 471 1083 530 Hoc
1098 465 1230 528 omnium
1243 463 1326 534 fere,
1336 461 1386 541 jn·

270 578 364 649 dices,
378 595 444 657 quse
457 577 524 655 lege
537 573 734 642 continentur,
746 581 793 630 est
806 567 1052 648 indignissimum.
1085 559 1219 622 Arbitror
1232 555 1320 616 enirn
1335 573 1388 613 ce·

178 728 183 736 .
237 689 241 698 ’
269 677 400 731 tororum
419 669 570 728 homiuum
583 666 728 725 nerninem
745 662 833 723 alium
849 649 1110 726 eaesss⁰audacia,
1128 663 1172 722 ut,
1192 651 1271 709 dum
1285 649 1387 727 legem

270 761 360 823 ferret
374 761 412 821 ad
425 781 513 820 usum
533 759 651 830 civium,
668 756 783 838 judicia
795 755 875 835 prius
899 749 1025 830 receptis
1043 747 1159 826 legibus
1171 753 1250 804 rata
1269 741 1385 812 habita,

271 851 450 914 labefactare
462 862 627 913 conaretur.
662 851 703 908 At
720 847 779 908 hoe
793 847 974 905 Timocrates
988 841 1185 921 impudenter,
1200 853 1309 915 neque
1323 835 1385 894 dis·

272 945 444 1004 simulanter
457 943 538 1015 iecit,
551 961 619 1002 curn
639 950 740 1022 aperte
761 936 918 1018 scripserit,
936 931 1102 995 tametsi
1125 929 1273 1009 aliquis
1299 947 1385 1012 mra-

271 1035 359 1098 rius
385 1038 462 1096 sive
485 1035 651 1112 legibus,
678 1026 762 1092 sive
790 1021 1164 1092 senatusconsulto,
1192 1019 1383 1080 vinculis

272 1128 459 1199 addictus
478 1137 550 1198 est,
574 1125 716 1186 sivein
737 1131 941 1204 posterum
963 1117 1179 1178 addicetur.
1206 1115 1256 1173 Ac
1277 1111 1321 1172 de
1340 1113 1384 1172 iu-

271 1221 344 1282 turis
353 1219 482 1300 quidem,
493 1219 518 1280 si
532 1219 601 1298 quid
614 1215 777 1279 vobisutile
792 1215 945 1286 suasisset,
954 1211 1035 1270 haud
1048 1217 1221 1290 peccasset:
1244 1203 1306 1266 sed
1320 1207 1385 1284 qui-

271 1313 330 1372 bus
339 1312 377 1373 de
390 1314 477 1373 rebus
484 1311 626 1392 judicium
636 1310 750 1381 statuit,
763 1327 797 1368 ae
811 1303 1038 1367 controversiam
1053 1301 1177 1372 definiit,
1191 1319 1233 1360 au
1246 1319 1315 1359 non
1332 1299 1384 1357 im·

271 1395 477 1486 portunissime
486 1402 557 1482 agit,
570 1401 621 1482 qui
631 1401 729 1480 legem
741 1397 917 1480 promulget,
929 1414 989 1475 qua
998 1394 1065 1472 iege
1077 1413 1123 1452 res
1133 1392 1192 1451 illes
1202 1389 1384 1450 rescindan-

271 1496 341 1556 tur?
362 1495 398 1555 ld
415 1495 496 1576 qnod
508 1492 631 1576 perinde
645 1504 702 1566 est,
715 1513 752 1552 ae
768 1491 794 1550 si
812 1489 878 1568 quis
897 1489 980 1547 istius
994 1485 1052 1546 hac
1068 1483 1134 1564 lege
1146 1503 1208 1542 non
1223 1484 1385 1562 abrogata,

272 1590 414 1649 scriberet
425 1589 523 1660 aliam,
542 1585 572 1646 in
585 1587 667 1646 banc
677 1583 874 1646 sententiam:
896 1578 1027 1640 Tametsi
1041 1577 1134 1637 aerarii
1147 1575 1242 1662 aliqui
1254 1575 1383 1635 viriculis

272 1680 394 1754 addicti,
407 1672 505 1740 rades
521 1677 657 1739 dederint
675 1677 763 1738 istius
773 1677 851 1755 lege,
872 1693 931 1733 nou
947 1670 1105 1743 tamensis
1129 1667 1254 1748 sponsio
1280 1667 1383 1746 prosit,

270 1790 367 1852 aeque
378 1764 543 1853 quenquam
551 1771 582 1830 in
592 1780 744 1850 posterum
757 1766 873 1828 liberari
883 1764 1042 1844 sponsione
1053 1763 1098 1822 las
1108 1775 1181 1820 esto.
1207 1759 1273 1818 Sed
1285 1779 1382 1838 neque

271 1863 337 1924 brec
349 1864 503 1957 quisquam
515 1880 595 1921 sanes
608 1861 727 1929 mentis,
743 1861 856 1938 opinor,
867 1857 988 1921 laceret,
999 1863 1081 1924 ettu,
1091 1851 1148 1912 illis
1158 1849 1284 1931 judiciis
1296 1853 1383 1911 abro-

271 1951 421 2037 'gatis‚jus
441 1953 567 2013 violasti.
603 1951 762 2012 Deeuisset
776 1950 854 2009 eninr
874 1967 954 2019 eum,
976 1945 1002 2006 si
1022 1965 1084 2006 rem
1099 1944 1212 2023 justam
1226 1963 1301 2004 esse
1315 1963 1382 2003 ceu-

271 2048 387 2121 suisset,
400 2047 475 2106 ferre
489 2044 585 2124 legem
604 2043 742 2103 derebus
763 2041 794 2102 in
808 2053 957 2122 posterum
978 2037 1095 2111 futuris,
1113 2047 1144 2097 et
1159 2055 1221 2094 uon
1242 2037 1275 2095 in
1292 2057 1381 2096 unum

137 2159 144 2171 ¹
270 2139 353 2200 reiut
365 2134 501 2217 aceruum
514 2136 654 2214 conjectis
668 2133 775 2195 futuris
789 2151 856 2194 cum
870 2131 1035 2212 preteritis,
1054 2139 1085 2188 et
1097 2129 1214 2188 incertis
1228 2147 1303 2188 cum
1319 2149 1382 2210 per-

271 2231 380 2312 spicuis
395 2229 519 2301 delictis,
540 2227 660 2287 demum
681 2225 857 2287 sententiam
878 2223 1002 2284 eandem
1025 2219 1152 2281 scribere
1168 2219 1206 2278 de
1230 2223 1382 2282 omnibus.

272 2324 354 2392 Quid
372 2341 443 2382 vero
462 2320 592 2400 iniquius
613 2338 700 2399 quatu
718 2318 795 2378 idem
806 2317 856 2397 jus
872 2317 1009 2376 tribuisse
1031 2314 1077 2386 iis,
1095 2313 1147 2394 qui
1163 2315 1298 2374 convicti
1313 2325 1383 2376 sunt

161 2459 168 2468 -
240 2399 247 2410 ’
271 2416 352 2498 prius
365 2415 446 2474 lases
460 2403 643 2492 reipublice,
657 2423 687 2471 et
699 2412 747 2484 iis,
761 2410 797 2469 de
812 2409 920 2488 quibus
934 2407 1017 2468 baud
1034 2417 1161 2480 constat,
1180 2423 1218 2466 an
1241 2409 1383 2468 commis—

271 2510 332 2569 suri
346 2510 405 2569 sint
418 2504 530 2587 aliquid
539 2504 651 2585 judicio
664 2499 922 2585 peraequandum?

312 2602 363 2660 20.
384 2598 459 2659 lude
479 2598 568 2659 etiam
582 2594 767 2679 perspicitur,
783 2616 872 2677 quam
886 2604 1021 2677 perverse
1034 2595 1136 2675 egerit,
1157 2594 1223 2676 lege
1243 2594 1283 2656 de
1305 2618 1383 2677 prse-

255 2693 365 2753 ·teritis
379 2690 511 2765 ferenda,
526 2692 552 2750 si
570 2690 784 2764 consideretur,
808 2690 882 2770 quid
900 2686 1020 2750 tandem
1039 2680 1079 2747 sit
1096 2708 1154 2767 quo
1174 2706 1193 2747 a
1213 2707 1382 2767 paucorum

272 2786 425 2845 dominatu
437 2781 605 2863 respublica
624 2782 833 2861 distinguatur,
846 2782 917 2842 item
930 2780 1071 2861 quidnam
1091 2780 1139 2851 sit,
1159 2798 1211 2839 cnr
1224 2778 1256 2838 hi
1271 2780 1325 2859 qui
1339 2780 1381 2839 le-

270 2878 356 2956 gibus
370 2894 473 2955 parere
485 2876 601 2947 volunt,
611 2874 738 2935 modesti
752 2885 782 2934 et
794 2874 865 2935 boni
879 2864 957 2939 cives
971 2872 1188 2953 perhibeantur,
1201 2872 1255 2951 qui
1269 2874 1382 2953 aligar-

181 3036 184 3044 .
247 2987 249 2992 ·
270 2966 356 3039 chiis,
369 2965 541 3027 effeminati
554 2977 585 3025 et
601 2968 687 3038 servi.
710 2968 822 3046 Reipsa
835 2967 1037 3047 comperietur,
1049 2966 1306 3045 'expeditissimum
1323 2967 1382 3027 hoe

224 3112 227 3117 .
271 3077 529 3139 esseresponsurn,
543 3059 667 3137 quodin
687 3058 854 3139 oligarchiis
868 3059 1072 3139 unusquisque
1095 3069 1156 3117 tum
1177 3068 1245 3119 acta
1267 3062 1383 3129 rescin-

270 3150 372 3225 dendi,
386 3162 448 3209 tum
458 3150 496 3209 de
506 3142 613 3213 futuris
621 3169 675 3231 pro
685 3168 741 3211 sua
748 3150 869 3214 libidine
881 3150 1030 3213 statuendi
1039 3150 1147 3211 babeat
1155 3151 1382 3212 auctoritatem:

270 3242 351 3325 leges
365 3240 465 3305 aulem
483 3245 520 3303 de
541 3243 646 3303 suturis
666 3232 835 3315 enuntient,
851 3244 922 3323 quid
936 3243 1103 3303 iaciendum
1121 3242 1168 3315 sit,
1188 3242 1231 3303 ita
1250 3244 1336 3316 latae,
1351 3254 1384 3305 ut

172 3399 177 3406 ,
269 3338 382 3420 populo
403 3338 491 3397 simul
504 3336 593 3397 etiam
613 3356 789 3419 persuasum
810 3336 1028 3417 sitproiuturas
1041 3354 1108 3396 esse
1129 3354 1180 3395 eas
1199 3336 1245 3394 his
1260 3338 1315 3415 qui
1338 3338 1382 3397 eis
1455 3382 1456 3425 ,

270 3431 315 3489 uti
335 3430 436 3490 velint.
459 3430 641 3490 'limocratss
653 3451 724 3498 vero
739 3448 805 3489 eum
827 3427 855 3491 in
871 3430 962 3491 libera
974 3428 1093 3489 civitate
1107 3428 1190 3507 leges
1205 3428 1305 3499 ferret,
1326 3425 1382 3489 oli·'

272 3523 400 3601 garchioe
413 3522 594 3601 iniquitatem
605 3521 729 3584 insuam
740 3524 838 3601 legem
850 3524 1008 3595 transtulit,
1017 3522 1114 3603 deque
1122 3522 1277 3603 praeteritis
1288 3526 1382 3585 rebus

270 3612 339 3693 plus
353 3612 492 3692 sibi'juris
503 3616 659 3695 arrogavit,
672 3635 764 3695 quam·
772 3614 888 3695 judices
899 3614 1055 3675 habuerint
1064 3616 1114 3694 qui
1123 3615 1383 3687 condemnaruntr
1455 3610 1456 3621 ¹

271 3724 368 3787 neque
381 3704 410 3769 in
423 3704 482 3764 hoc
496 3706 561 3767 solo
574 3706 735 3767 insolenter
748 3726 815 3781 sese
829 3706 932 3786 gessit,
952 3706 1005 3767 sed
1019 3708 1137 3787 scripsit
1149 3706 1248 3777 etiam,
1267 3708 1292 3767 si
1310 3710 1383 3789 quis
1455 3748 1456 3789 5

271 3798 464 3879 inposterum
484 3816 602 3875 quoquc
615 3798 740 3859 vinculis
753 3798 918 3869 addicatur,
933 3798 1020 3859 licere
1035 3798 1062 3857 ei
1076 3800 1153 3860 datis
1168 3799 1294 3860 vadibus
1307 3820 1382 3879 pro-
1455 3820 1456 3867 ἕ

149 3914 157 3927 ·
271 3888 410 3962 mittenti,
433 3906 465 3947 se
484 3889 564 3947 bona
586 3889 645 3949 fide
666 3888 834 3970 reipublicae
856 3890 1085 3963 satisfacturum,
1106 3908 1226 3953 carcere
1247 3888 1381 3955 liberari.

272 3980 428 4041 Enimvero
441 3978 466 4039 si
489 3980 589 4039 vinciri
607 4000 696 4059 grave
708 3984 842 4061 putabat,
857 3982 1007 4044 decuisset
1023 4000 1090 4043 eum
1113 3983 1188 4043 serre
1208 3980 1317 4061 legem,
1341 4004 1382 4044 ne

271 4072 336 4150 quis
350 4071 539 4131 damnaretur
552 4071 686 4144 vinculis,
697 4073 747 4153 qui
760 4074 851 4135 vades
865 4076 1007 4145 dedisset,
1023 4094 1082 4135 non
1097 4085 1159 4135 tum
1170 4073 1289 4134 demum
1301 4074 1380 4135 libe-

260 4164 411 4226 rationem
426 4182 478 4244 per
490 4162 581 4230 vades
594 4184 766 4246 proponere,
780 4168 830 4226 ubi
841 4188 895 4227 vos
905 4169 968 4249 jam
982 4168 1106 4228 vinculis
1121 4162 1330 4242 damnassetis,
1347 4180 1380 4230 et

270 4254 458 4315 condemnati
486 4254 585 4314 odium
610 4258 828 4335 suscepissetis.
874 4258 972 4330 Nunc,
989 4258 1074 4338 quasi
1094 4268 1268 4329 ostentaret,
1297 4268 1378 4320 tam-

271 4341 327 4403 eui
344 4346 429 4405 robis
451 4343 547 4405 risum
566 4346 657 4407 fuerit
677 4348 806 4426 aliquem
826 4349 939 4423 vinciri,
958 4370 1026 4411 eum
1045 4370 1079 4409 se
1097 4350 1295 4423 dimissurum,
1317 4334 1379 4425 hqc

271 4431 361 4497 modo
373 4428 476 4513 legem
492 4435 571 4498 tulit.
600 4437 677 4497 Num
693 4438 785 4516 igitur
804 4440 870 4501 talia
891 4441 939 4503 lex
957 4462 975 4503 e
991 4442 1145 4523 ¹republica
1156 4462 1230 4517 ease
1248 4444 1378 4519 ridetur,
