2934 5000
232 311 271 373 ιι
579 294 818 373 enimenim
840 291 982 366 retus.

125 431 126 434 Ἴ
232 452 315 528 robis
339 451 509 545 designetur
530 479 585 546 pro
601 463 739 543 temporis
761 461 874 522 ratione
895 457 1074 522 coustituete
1103 443 1172 539 que
1191 465 1331 522 entema

234 561 320 620 vobis
341 559 475 639 prestari
497 557 645 624 debeant,v
659 556 725 616 brec
740 564 819 614 sunt
843 571 910 632 quse
940 571 998 632 ego
1036 552 1150 631 scripsi.
1191 549 1329 621 Quodsi

111 695 115 702 -
232 651 297 722 has,
321 651 526 721 Athenienses,
553 649 693 729 pecunias
719 637 940 726 comparabitis,
955 647 1081 724 primum
1102 643 1136 704 iis
1155 663 1231 722 quas
1251 643 1328 718 dico,

233 743 338 804 deinde
369 744 482 804 ceteris
512 741 664 821 expeditis,
687 739 788 811 milite,
815 737 991 809 triremibus,
1018 735 1126 815 equite,
1146 736 1178 796 si
1199 735 1330 814 integrus

232 835 358 914 denique
371 835 471 915 copias
486 834 551 913 lege
571 834 769 912 obstringetis,
789 841 824 890 ut
842 831 923 891 bello
940 829 1127 890 continenter
1147 829 1329 900 incumbant,

215 928 421 1008 'pecuniarum
441 926 497 1007 ipii
522 945 573 986 roe
588 937 748 1004 questore·
761 943 797 984 ac
809 923 982 1003 praebitores
994 919 1155 990 constituti,
1170 938 1266 980 rerum
1277 939 1330 980 an·

148 1077 151 1082 .
233 1031 293 1082 tem
307 1031 455 1098 gestarum
469 1022 507 1080 eb
517 1019 689 1100 imperatore
700 1017 842 1077 rationem
854 1024 1032 1094 repetentes,
1044 1013 1185 1074 desinetis
1195 1014 1331 1093 aliquan·

232 1114 271 1175 do
284 1113 386 1174 iisdem
400 1113 437 1173 de
454 1115 541 1173 rebus
556 1121 699 1191 perpetuo
713 1110 873 1170 deliberare
886 1107 1018 1187 nihilque
1031 1109 1188 1186 prolicere:
1213 1108 1331 1167 accedit

230 1206 306 1268 illud
327 1193 425 1286 etiem,
447 1204 652 1271 Athenienses,
673 1203 828 1262 maximum
857 1220 895 1261 ex
915 1199 1119 1261 emolumentis
1140 1201 1200 1259 suis
1221 1189 1332 1259 homini

233 1298 382 1362 auferetis.
424 1295 503 1363 Quid
516 1295 617 1356 istudl
657 1296 831 1355 Vestrorum
840 1294 985 1354 sociorum
993 1291 1098 1371 opibus
1107 1312 1161 1352 vos
1169 1303 1333 1372 oppugnat·

233 1389 328 1468 captis
339 1388 516 1468 direptisque
527 1375 739 1466 navigantibus.
780 1386 861 1453 Quid
874 1383 974 1446 ultrei
1013 1383 1077 1443 Vos
1088 1383 1160 1444 illud
1170 1385 1249 1444 eritis
1259 1405 1341 1470 con·-

232 1465 336 1553 secuti,
348 1490 382 1540 ut
394 1481 477 1540 robis
490 1479 588 1540 noceri
606 1499 665 1539 non
680 1479 786 1558 poscite
804 1498 864 1538 non
877 1497 915 1538 ea
926 1477 1007 1550 lieet,
1020 1495 1088 1554 quse
1101 1478 1242 1556 superiori
1255 1488 1331 1538 tem-

231 1593 312 1654 pore,
326 1591 392 1633 cum
414 1571 446 1631 in
469 1573 609 1631 Lemnum
624 1581 655 1631 et
670 1573 798 1631 Imbrum
813 1571 893 1630 iacto
912 1569 1103 1648 impressione
1123 1580 1237 1630 vestros
1251 1571 1331 1631 circs

149 1735 153 1754 Ι
232 1667 365 1747 captivos
379 1665 510 1736 abduxit,
528 1663 609 1727 etad
620 1663 787 1722 Geraestum
800 1665 894 1742 captis
911 1661 1011 1721 uestris
1023 1661 1144 1721 navibus
1158 1663 1331 1722 immensam

231 1759 365 1838 pecuniee
383 1757 440 1816 vim
462 1758 569 1834 coegit,
589 1765 735 1834 postremo
753 1755 782 1814 in
805 1756 1010 1815 Marathonem
1030 1755 1182 1815 exscendit
1198 1765 1230 1816 et
1246 1773 1332 1816 sacra

231 1851 340 1909 triremi
357 1869 373 1908 e
388 1859 488 1908 nostre
507 1848 618 1906 ditione
640 1848 759 1926 abrepta
781 1847 873 1916 abiit;
892 1857 1055 1908 vosautem
1077 1866 1173 1926 neque
1185 1847 1251 1908 heec
1263 1867 1333 1928 pro·

232 1941 332 2002 hibere
342 1941 489 2020 potuistis,
504 1959 558 1999 nec
574 1940 750 2018 temporibus
762 1959 828 2018 quea
841 1940 1048 2001 constitueritis
1063 1939 1210 2020 opituleri.

276 2035 323 2092 13.
337 2033 448 2093 Verum
457 2051 508 2092 cur
518 2031 1237 2112 tandemputetis,Athenienses‚Panetheneeorum
1246 2033 1333 2094 ferias

233 2135 264 2186 et
278 2123 503 2186 Bacchanalium
518 2120 632 2204 semper
642 2125 962 2206 convenientitempore
971 2126 1041 2196 lieri,
1052 2126 1220 2206 siveperitis
1229 2126 1334 2186 herum

230 2228 418 2296 utrarumque
435 2217 546 2276 curatio
567 2227 646 2276 sorte
659 2217 817 2286 obvenerit,
834 2217 896 2277 sive
918 2218 1077 2296 imperitis3
1098 2219 1213 2298 inques
1233 2228 1333 2279 tantos

232 2321 367 2392 sumptus
377 2309 482 2378 fecitis,
493 2321 618 2387 quantos
629 2329 684 2370 nec
699 2309 729 2368 in
743 2326 830 2372 urnam
845 2310 949 2371 classis
963 2311 1157 2383 emissionem,
1176 2323 1208 2370 et
1221 2321 1334 2372 tantm

230 2405 344 2466 turbem
358 2403 502 2464 adhibetis
516 2415 548 2463 et
562 2403 701 2482 [tentum]
710 2415 891 2483 apparatum,
905 2415 1046 2482 quantum
1057 2405 1136 2463 haud
1145 2405 1207 2464 scio
1221 2411 1257 2464 an
1273 2403 1336 2464 ulla

230 2518 277 2559 res
293 2498 411 2558 omnino
424 2497 451 2556 in
461 2516 492 2557 se
507 2495 632 2556 habeut:
656 2495 767 2555 olesses
781 2508 879 2556 eutem
893 2516 995 2559 omnes
1009 2509 1119 2559 restrae
1128 2497 1334 2558 occasionibus

230 2590 347 2651 demum
359 2588 470 2648 emissis
484 2588 594 2659 venire,
614 2587 664 2647 ille
681 2586 863 2660 Methonem,
877 2588 927 2647 illa
940 2588 1083 2667 Pegasus,
1096 2590 1148 2649 ille
1169 2586 1353 2655 Potidaeam.

231 2684 314 2741 ruisse
329 2682 341 2739 ‚²
366 2681 453 2746 Quod
468 2680 519 2739 illa
532 2680 628 2739 omnia
641 2679 707 2757 lege
731 2680 845 2740 sancita
865 2692 896 2741 et
910 2682 1046 2742 ordineta
1058 2694 1136 2756 sunt,
1156 2692 1187 2742 et
1208 2684 1335 2762 quisque

229 2786 360 2835 vestrum
375 2774 467 2833 multo
477 2783 546 2833 unte
559 2770 649 2843 novit,
660 2772 725 2851 quis
739 2772 832 2833 sedilis
844 2784 897 2833 aut
906 2774 1144 2854 gymnasiarchus
1155 2794 1217 2835 sure
1230 2776 1334 2851 tribus,

231 2866 416 2946 quendoeta
428 2883 485 2943 quo
495 2873 525 2924 et
533 2864 601 2943 quid
608 2864 807 2943 accipiendum
818 2865 947 2945 quidque
958 2868 1123 2928 iaciendum
1131 2869 1179 2939 sit,
1192 2868 1263 2929 nihil
1273 2888 1334 2928 non

231 2948 565 3038 exquisitummilril'non
576 2956 737 3029 delinitum,
748 2957 817 3018 nihil
828 2958 954 3039 denique
963 2949 1129 3038 neglectum
1135 2969 1195 3028 est;
1207 2950 1335 3022 iurebus

232 3048 445 3111 autembellicis
455 3058 487 3108 et
495 3048 564 3108 belli
575 3050 771 3128 apparatione,
778 3050 949 3122 inordinate,
958 3052 1161 3131 incomposita,
1170 3053 1335 3127 indefinita,¹

214 3142 339 3221 emnia.
364 3142 551 3220 Quapropter
559 3141 733 3221 simulatque
742 3142 903 3207 audivimus
916 3144 1076 3223 aliquidet
1087 3146 1245 3205 triremium
1256 3166 1334 3225 pree-

140 3284 142 3289 .
230 3238 325 3297 lectos
335 3234 551 3305 constituimus,
562 3244 591 3294 et
605 3235 679 3296 inter
692 3254 743 3295 eos
752 3238 979 3315 permutationes
997 3257 1086 3317 opum
1098 3240 1288 3313 instituimus,
1302 3252 1335 3304 et

230 3328 268 3388 de
283 3328 421 3408 parandoe
434 3327 567 3407 pecunie
580 3327 689 3387 ratiorm
701 3328 913 3391 deliberamus:
934 3339 1040 3409 postea
1052 3330 1227 3404 decernitur,
1240 3342 1276 3392 ut
1287 3335 1334 3393 in-

230 3420 332 3501 quilini
345 3420 556 3493 conscendant,
578 3430 608 3479 et
620 3420 746 3481 libertini
764 3422 814 3501 qui
836 3441 919 3481 suam
935 3422 991 3502 ipsi
1010 3442 1071 3482 rem
1089 3424 1260 3485 familiarem
1278 3426 1333 3485 ad·

229 3508 414 3581 ministrante
438 3513 545 3573 deinde
561 3534 671 3584 rursus,
686 3524 832 3575 uteorum
847 3515 913 3577 loeo
934 3516 1016 3577 cives
1037 3518 1186 3596 navigent.
1216 3519 1335 3581 Interea

232 3608 303 3669 dum
317 3608 382 3666 hec
395 3616 569 3668 cuncteutes
582 3608 691 3686 geritis,
711 3609 858 3689 perierunt
873 3610 994 3687 james,
1017 3610 1055 3670 ad
1069 3630 1136 3690 ques
1149 3616 1334 3674 mercando

229 3700 421 3779 navigamus:
443 3718 511 3760 nem
531 3701 571 3761 rei
590 3702 726 3779 gerendee
744 3714 863 3781 tempus
884 3702 916 3760 iu
933 3704 1101 3781 apparando
1123 3705 1333 3779 consumimus,

229 3812 328 3855 rerum
351 3802 451 3853 autem
473 3792 641 3853 occasiones
673 3811 732 3853 nou
762 3803 937 3872 exspectant
958 3804 1090 3855 nostrum
1112 3794 1279 3856 tarditatem
1301 3808 1335 3859 et

229 3886 408 3955 socordiam3
430 3905 587 3965 quaerero
610 3888 765 3965 interjecto
787 3896 918 3967 tempore
933 3888 1033 3967 copias
1052 3908 1106 3947 nos
1119 3888 1227 3949 bebere
1244 3902 1334 3969 puta·

230 4000 305 4053 mus,
321 4000 377 4053 eae,
390 3998 457 4039 cum
474 3979 512 4038 ad
532 3978 625 4057 ipsam
646 3998 707 4038 reru
720 3990 839 4039 ventum
861 3990 917 4052 est,
930 3980 1003 4040 nibil
1016 4000 1103 4060 posse
1117 4000 1217 4059 gerere
1227 3982 1334 4061 depre-

228 4073 410 4134 henduntur.
451 4070 504 4131 llle
518 4084 615 4133 eutem
628 4090 664 4133 eo
674 4071 754 4133 veuit
767 4072 936 4149 insolentie,
946 4084 979 4134 ut
992 4073 1101 4135 scribet
1114 4072 1334 4139 Eubueensibus

207 4168 210 4174 '
230 4166 399 4246 hujusmodi
408 4166 471 4251 jam
486 4164 595 4226 literae.
