2934 5000
146 262 151 271 ⁵
259 306 317 363 ars
554 298 727 367 oouran
747 289 1066 357 snuaorrorrau.

259 457 296 517 de
316 456 350 515 iis
363 457 414 535 qui
431 460 489 515 nbn
509 462 622 532 petunt,
645 472 701 513 nec
720 452 854 531 tempere
873 449 1036 531 postulunt,
1059 455 1177 530 prossus
1196 461 1238 507 ns
1256 447 1379 524 rogeri

259 547 378 629 quidem
397 546 597 607 conveniebat.
622 543 779 616 Praeterea,
792 562 861 603 cum
879 542 1056 621 quibusdam
1077 539 1117 599 tle
1135 540 1223 601 rebus
1244 536 1376 597 Midias

258 648 412 701 aoeusaret
424 648 566 708 senatum,
580 646 609 695 et
620 635 696 695 alios
707 634 863 714 quosdam,
875 634 1063 705 subsilientes
1078 643 1228 693 senatores
1242 630 1373 711 precati

259 742 339 803 sunt,
352 749 388 788 ne
409 728 463 787 sibi
478 727 628 807 proemium
642 727 811 807 eriperetur.
847 726 887 786 Et
905 726 971 787 hmo
984 726 1068 785 vobis
1084 723 1237 803 judicibus
1256 742 1299 782 ex
1314 742 1372 781 me

259 822 361 885 a'udire
376 822 444 881 nihil
460 832 507 881 est
519 840 604 910 opus,
618 842 685 885 cum
699 822 756 901 ipsi
767 840 867 884 eoram
882 820 1021 893 videritis,
1034 814 1106 899 quill
1120 820 1200 899 apud
1211 818 1371 899 populum

258 918 357 978 ectum
371 914 467 974 luerit
489 913 588 981 Quare
602 914 628 975 si
641 923 777 975 senatum
787 913 903 993 petiisse
916 903 1041 991 negarit,
1054 910 1100 972 sic
1110 912 1276 971 occurrite:
1293 912 1369 990 jam

259 1005 331 1065 illuri
348 1007 436 1067 etiam
455 1002 622 1076 ostendam,
636 1025 695 1067 non
708 1004 878 1086 permittere
894 1005 1002 1085 legam,
1013 1014 1050 1063 nt
1060 1004 1188 1083 populus
1200 1002 1367 1082 pressim

260 1086 311 1161 iet
323 1098 449 1171 senatui,
462 1096 628 1159 triremibus
637 1096 700 1159 non
713 1097 809 1161 lacos.
842 1096 911 1157 Hac
931 1097 970 1157 (le
982 1114 1084 1167 muse,
1097 1094 1308 1167 Athenienses,
1323 1093 1368 1153 sti

261 1191 341 1250 hunc
355 1189 473 1249 modum
488 1188 549 1249 lata
562 1187 611 1248 lex
624 1199 680 1263 est,
703 1209 751 1249 ne
773 1188 936 1249 senatui
958 1187 1089 1247 liceat
1110 1187 1366 1246 triremibus

260 1302 338 1343 non
364 1280 497 1341 lectis
520 1281 732 1359 postulare
755 1300 904 1352 munus,
930 1289 966 1339 ut
986 1298 1026 1339 ne
1046 1278 1157 1359 populo
1174 1278 1362 1358 persuaderi,

259 1383 313 1434 sut
324 1372 409 1433 lucus
423 1371 486 1431 fieri
498 1371 599 1448 possit.
631 1370 737 1451 Neque
749 1371 828 1431 enim
841 1370 992 1451 legislator
1004 1372 1035 1431 in
1049 1380 1197 1451 potestate
1208 1379 1366 1430 mamm

260 1486 321 1527 rem
342 1484 408 1526 esse
434 1465 712 1544 oportereceusuit,
734 1464 789 1524 sed
806 1464 887 1543 quod
909 1462 997 1524 tribui
1015 1476 1048 1525 et
1062 1464 1177 1544 jusmm
1196 1473 1228 1523 et
1244 1462 1366 1542 populo

261 1558 334 1619 utile
354 1566 443 1629 asset,
465 1555 531 1633 lege
552 1556 704 1615 delinitum
731 1575 799 1616 esse
819 1564 961 1637 oportere.
987 1556 1132 1616 Triratues
1158 1572 1218 1614 non
1238 1552 1368 1613 iecistil

261 1650 310 1709 Ne
323 1650 412 1729 igitur
425 1647 546 1728 postula
557 1648 716 1726 premium.
749 1648 826 1709 (lum
846 1657 945 1709 autern
964 1656 1065 1728 petere
1076 1666 1136 1707 non
1149 1649 1237 1719 sinet,
1256 1664 1365 1706 noune

261 1742 325 1803 dari
338 1736 525 1801 vehementer
538 1739 641 1799 vetati

178 1850 181 1859 ·
302 1836 333 1891 5.
352 1832 421 1891 lem
443 1830 516 1889 illud
539 1832 627 1891 etiarn
644 1832 851 1892 excutiendum
872 1842 927 1906 est,
941 1832 1147 1904 Athenienses,
1161 1850 1215 1892 cnr
1226 1830 1363 1903 sem

261 1923 374 1984 etiamsi
388 1923 493 1982 ceteris
514 1922 544 1981 in
557 1924 643 1982 rebus
662 1922 798 1984 omnibus
816 1924 956 2003 preclare
968 1942 1000 1983 se
1014 1924 1148 2001 gesserit,
1162 1941 1259 2002 neque
1272 1922 1313 1982 de
1324 1942 1363 1982 eo

262 2018 344 2095 queri
357 2016 509 2094 quisquam
529 2015 632 2093 possit,
650 2016 782 2077 triremes
802 2027 901 2079 autem
923 2036 984 2077 non
1002 2016 1115 2089 iecerit,
1127 2016 1281 2095 premium
1299 2032 1363 2074 non

130 2112 132 2117 '
260 2108 349 2169 licent
362 2105 529 2187 postularet
551 2107 707 2168 Invenietis
722 2108 799 2167 enim
816 2108 874 2167 hoc
896 2108 927 2167 in
939 2106 1125 2187 populiense
1134 2103 1302 2185 presidium
1316 2108 1364 2165 in·

262 2200 406 2261 stitutum.
446 2198 581 2258 Arbitror
602 2200 679 2259 enim
701 2199 912 2279 refragaturum
931 2218 997 2258 esse
1016 2198 1174 2267 neminem,
1186 2198 1259 2275 quin
1276 2198 1363 2276 quio·

261 2291 332 2370 quirl
344 2290 391 2349 vel
404 2289 583 2363 bonumve}
603 2290 842 2373 diversum-me
858 2288 931 2367 quid
951 2288 1118 2348 ominosum
1135 2288 1286 2360 dicam-,
1301 2290 1360 2349 rei-

262 2383 388 2463 publice
405 2382 571 2459 contigerit,
586 2392 637 2441 aut
656 2400 734 2441 nunc
758 2380 847 2441 etiam
870 2382 927 2442 sit:
948 2378 1109 2439 triremium
1128 2379 1178 2439 vel
1201 2381 1300 2459 copia,
1312 2382 1361 2441 vel

263 2474 363 2555 inopis
374 2472 544 2551 contigisse.
586 2472 678 2554 Cujus
692 2473 808 2553 generis
821 2472 1025 2534 multareieni
1034 2481 1157 2552 possent
1172 2481 1361 2534 etveterset
1456 2518 1457 2523 η

262 2566 399 2627 recentia.
441 2564 529 2633 Quod
542 2581 610 2624 vero
624 2573 671 2624 est
683 2564 818 2626 omnibus
840 2565 1025 2626 audientibus
1038 2565 1232 2637 notissimum,
1244 2583 1298 2624 eos
1309 2567 1361 2644 qni

261 2659 411 2740 propylaea
428 2657 479 2717 illa
500 2669 532 2716 et
552 2655 764 2737 parthenonem
779 2668 994 2729 exstruxerunt,
1007 2668 1040 2717 et
1058 2657 1130 2718 lana
1145 2667 1243 2718 cemra
1260 2660 1361 2720 omnia

263 2751 399 2830 espoliis
421 2751 611 2810 barbarorum
634 2762 824 2825 exornarunt,
837 2771 906 2832 quse
923 2771 1026 2814 omues
1048 2751 1252 2812 merito‘laurli
1275 2756 1360 2815 nohis

263 2842 416 2903 ducimus:
437 2841 502 2913 bos,
516 2841 647 2920 inquam,
669 2842 822 2905 audivistis
841 2843 984 2924 proiecto,
1007 2845 1211 2905 desertsurbe
1223 2855 1255 2905 et
1275 2847 1360 2906 Sala-

264 2931 341 2992 mine
356 2931 524 3004 conclusos,
544 2951 581 2992 eo
602 2932 679 3010 quod
697 2931 829 2996 triremes
845 2935 1001 3014 ,heberent
1020 2946 1051 2995 et
1064 2955 1169 2997 omnes
1188 2956 1257 2996 sues
1277 2957 1359 3017 opes,

263 3032 347 3104 parts
359 3021 455 3081 navali
468 3021 599 3095 victoria,
613 3034 701 3103 atque
714 3025 922 3106 rempublicam
944 3047 1147 3102 conservasse,
1161 3029 1234 3089 etin
1247 3041 1361 3092 ceterm

265 3114 387 3174 Grecos
408 3111 501 3173 multa
524 3117 555 3174 et
576 3133 684 3195 magna
707 3119 851 3180 beneficia
869 3115 1040 3193 contulisse,
1052 3139 1177 3199 qnorum
1189 3124 1360 3184 memoriam

264 3208 638 3281 nullavetustasabolebit.
680 3211 742 3271 Sed
761 3212 813 3272 illa
824 3213 942 3292 quidem
963 3213 1086 3291 antiqua
1097 3223 1128 3273 et
1141 3226 1262 3276 reterns
1281 3219 1360 3296 quod

265 3309 364 3368 autem
385 3299 499 3360 vidistis
520 3321 633 3376 omnes,
655 3303 687 3362 id
711 3302 827 3363 dicam:
849 3303 942 3376 scitis,
955 3322 1009 3363 vos
1030 3323 1126 3384 nuper
1146 3307 1359 3370 Euboeensibus

263 3395 338 3454 iotis
355 3393 482 3474 triduum
501 3411 586 3474 opem
597 3394 711 3467 tulisse,
723 3405 757 3455 et
765 3393 912 3456 'lhebsnis
925 3396 985 3456 icto
997 3395 1110 3457 fordere
1120 3397 1249 3457 abeundi
1257 3399 1360 3461 fecisse

265 3491 449 3562 potestatem.
492 3486 636 3566 Nunquid
654 3497 752 3547 eutem
769 3487 800 3547 id
814 3497 897 3548 tanta
912 3488 1062 3548 celeritate
1082 3489 1361 3562 coniecissetis,nisi

266 3593 356 3634 naves
366 3586 502 3636 recentes
514 3577 700 3652 habuissetis,
712 3579 819 3657 quibus
832 3599 918 3659 opem
931 3575 1093 3639 tulissetisl
1134 3581 1182 3641 Ne
1195 3580 1359 3660 potuissetis

264 3664 393 3754 quidam.
435 3667 535 3728 Multa
544 3671 699 3732 commoda
711 3668 931 3731 commemorari
941 3682 1074 3751 possent,
1089 3690 1158 3750 ques
1166 3673 1331 3752 reipublice
1340 3697 1360 3737 e

132 3805 136 3812 .
264 3767 346 3818 recta
363 3758 522 3818 triremium
539 3760 730 3824 instructione
743 3765 939 3844 contigerunt.
978 3761 1047 3824 lam
1060 3785 1078 3824 s
1092 3766 1229 3843 neglecta
1240 3777 1359 3844 quantas

265 3851 470 3912 calamitatesl
490 3851 647 3915 Acestem
660 3857 811 3918 omittam:
831 3858 862 3917 in
875 3856 1019 3919 Decelioo
1030 3867 1128 3918 autem
1138 3860 1295 3919 bello-ex
1308 3881 1360 3920 an·

264 3944 398 4024 tiquitate
420 3945 498 4005 euim
520 3965 610 4005 unum
628 3950 807 4028 exemplum,
828 3951 908 4029 quod
930 3952 1015 4011 vohis
1037 3951 1173 4011 omnibuis
1190 3971 1281 4032 quam
1290 3953 1360 4013 mihi

184 4060 192 4070 ·
266 4038 364 4098 notius
380 4047 435 4110 est,
451 4037 701 4117 proferam-curn
715 4042 880 4119 respublica
894 4043 1001 4104 multas
1013 4053 1045 4104 et
1057 4062 1180 4122 magnas
1194 4043 1294 4105 clades
1310 4063 1360 4105 sc-

266 4128 401 4207 capisset,
412 4130 536 4208 majores
548 4130 640 4190 nostn'
648 4129 826 4192 deditionem
835 4153 895 4195 uon
905 4145 975 4195 ante
983 4136 1125 4210 fecarunt,
1136 4154 1226 4214 quam
1238 4137 1360 4198 clessam

267 4219 441 4280 amisissent.
469 4221 522 4282 -Et
534 4241 672 4301 quorsum
685 4223 791 4285 attinet
802 4245 956 4288 recensere
968 4226 1084 4288 veterat
1118 4225 1272 4289 Postremo
1284 4230 1361 4289 enim

266 4307 415 4372 Laconico
428 4312 516 4386 bello,
529 4333 599 4374 cum
612 4332 702 4376 naves
721 4333 811 4396 posse
823 4318 939 4381 minere
957 4339 1018 4379 non
1030 4320 1212 4392 videremini,
1231 4321 1314 4382 scitis
1325 4333 1359 4382 ut

266 4399 395 4461 animatu
416 4403 505 4464 luerit
523 4405 645 4468 civitesr
663 4407 746 4468 suis
764 4420 799 4468 ut
819 4429 919 4471 ervum
942 4411 1046 4476 renale
1068 4412 1166 4474 luerit.
1208 4411 1360 4474 litantem
