2934 5000
206 263 211 276 =
269 313 328 372 324
485 357 494 380 ,
637 309 805 372 coritas
828 305 1000 368 tttnlsnt.

257 487 305 528 ne
321 467 393 548 quis
403 467 572 547 peregrinus
593 467 623 526 in
636 475 785 526 certamen
798 463 971 536 descendat,
989 459 1109 519 omnino
1122 469 1223 518 tamen
1235 457 1375 517 sedilium

267 561 339 620 uulll
353 559 528 668 permisisse,
548 568 581 617 ut
594 567 709 618 actores
722 557 761 616 sd
775 557 964 636 magistratus
977 553 1083 634 rapiat,
1096 569 1206 630 sosque
1199 546 1374 629 dispiciat,

267 655 365 715 sed'
342 674 366 714 ss
387 653 480 713 citarit
483 647 724 732 ,quinquaginta
745 651 792 711 sin
805 651 929 710 sedare
917 648 1048 730 jusserit,
1061 647 1143 706 mille
1159 645 1373 706 drachmarum

231 749 235 758 '
267 747 405 806 muletam
422 746 554 804 solvere
542 763 679 824 jussisse
700 743 764 804 Cur
777 742 865 802 verul
886 742 932 801 Ns
945 751 1118 800 coronatum
1129 738 1257 816 aliquem
1270 747 1304 796 et
1319 755 1372 795 sa·

266 839 323 898 oris
344 848 513 916 operantem
536 837 585 896 illo
606 835 654 896 die
673 845 769 907 vocet,
794 834 962 893 molestiave
984 839 1037 893 aut
1057 829 1237 890 contumelia
1257 827 1372 886 allidat

261 929 421 1008 quisquam
439 929 477 988 de
498 928 649 988 industria.
682 926 739 986 ls
730 927 819 1004 rgitur
831 925 881 1003 qui
901 925 947 985 vel
966 933 1095 984 actorem
1113 921 1220 994 citarit,
1241 919 1368 996 laguin-

152 1037 156 1044 ’
268 1021 381 1082 demnis
396 1023 541 1081 nouerit:
562 1021 612 1100 qui
627 1018 820 1080 vsrosedilera
836 1016 1369 1098 [rpsnmloontralsgesomnesouw

268 1113 370 1174 niderit
384 1114 459 1189 adeo
473 1113 637 1184 manifeste,
659 1131 760 1192 poenas
782 1129 842 1170 non
857 1109 959 1170 dabit?
980 1109 1070 1188 Atqui
1081 1104 1175 1172 nulla
1194 1107 1251 1168 erit
1266 1107 1366 1184 legun

266 1199 459 1274 humanarum
484 1215 514 1263 et
539 1204 723 1284 popularium
738 1203 858 1273 utilitas,
879 1201 904 1260 si
924 1200 1176 1279 contemptoribus
1196 1207 1227 1257 et
1243 1197 1366 1258 violato·

267 1297 347 1356 ribus
362 1315 472 1368 earum,
486 1305 591 1368 vestra,
606 1295 655 1374 qui
675 1293 799 1373 singulis
813 1291 992 1373 temporibus
1013 1311 1082 1350 cunr
1096 1291 1270 1350 auctoritate
1282 1288 1366 1360 estis,

267 1386 421 1447 iracundia
435 1405 492 1446 non
506 1386 561 1446 erit
574 1385 742 1446 metuenda.

311 1481 357 1540 17.
379 1481 552 1559 Agiteveto,
563 1481 695 1560 perdens
708 1476 894 1548 immortales,
905 1473 1075 1535 illudetiam
1086 1475 1270 1536 considerate
1281 1497 1290 1534 z
1301 1495 1368 1535 ora·

265 1581 312 1632 tos
336 1583 434 1632 autern
455 1571 522 1631 volo
545 1591 607 1641 vos,
629 1591 665 1630 ne
689 1570 760 1628 mibi
773 1567 980 1639 succenseatis,
1002 1569 1027 1628 si
1051 1569 1234 1648 quorundam
1257 1568 1367 1646 quibus

157 1675 162 1682 '
268 1683 315 1724 res
329 1664 459 1724 adversm
473 1663 653 1734 acciderunt,
667 1661 838 1722 nominatim
852 1661 1021 1721 meminero.
1062 1659 1126 1720 Nec
1140 1661 1217 1720 enim
1229 1679 1281 1738 per
1295 1661 1368 1720 deos

267 1754 298 1814 id
312 1774 388 1814 arne
399 1755 458 1827 fiet,
467 1764 499 1812 ut
512 1755 648 1831 cuiquam
661 1754 819 1831 quicquam
828 1751 973 1827 obJ‘iciasu,
982 1751 1037 1810 aad
1050 1761 1085 1810 ut
1096 1751 1262 1824 ostendam,
1272 1771 1367 1829 quan·

267 1855 369 1924 tepere
390 1863 443 1903 vos
465 1846 553 1905 ceteri
575 1863 676 1904 omnes
699 1863 716 1902 a
738 1845 767 1903 vi
790 1853 843 1902 aut
863 1843 1041 1903 contumelia
1067 1843 1213 1912 iacienda,
1240 1852 1273 1900 et
1300 1843 1367 1902 aliis

268 1935 398 2016 ejusdem
412 1935 526 2014 generis
539 1929 625 1994 rebus
637 1935 837 1995 abhorreatis:
858 1944 905 1994 est
915 1935 1024 1996 Sannio
1034 1935 1153 2013 quidam
1175 1937 1224 2012 qui
1238 1935 1367 2014 tragicos

268 2025 374 2094 choros
396 2026 493 2086 docet.
535 2027 565 2086 ls
579 2027 704 2088 desemoe
719 2025 829 2088 militioe
849 2043 918 2086 reus
943 2037 989 2086 eat
1012 2037 1156 2106 peractus.
1198 2027 1243 2087 Ac
1262 2027 1367 2088 adver·

177 2127 200 2164 '=
268 2119 343 2178 aiore
363 2119 480 2182 somuna
498 2139 568 2180 usus
581 2129 637 2182 est.
681 2119 770 2180 llunc
784 2129 853 2198 post
865 2139 931 2180 eam
941 2119 1148 2191 calamitatem,
1160 2118 1279 2198 quidam
1292 2140 1367 2200 prrs-

268 2209 345 2270 bitor
367 2213 573 2290 tragoedorurn,
598 2212 756 2271 aemulandi
781 2211 885 2270 studio'
902 2210 1052 2281 conduxit,
1066 2209 1287 2284 Theosdotides,
1305 2214 1367 2291 opi-

268 2322 331 2362 nor.
382 2305 427 2364 Ac
455 2305 579 2383 primurn
606 2304 671 2383 ejus
696 2303 726 2362 in
750 2302 889 2363 estium
906 2301 1006 2363 amuli
1021 2301 1259 2381 indignabantur,
1276 2324 1367 2383 seque

164 2387 167 2394 ’
268 2395 461 2476 prohibituros
475 2397 670 2457 minabantur.
706 2395 827 2456 Utvsro
840 2395 954 2456 tbeatro
965 2394 1055 2474 pleno
1073 2395 1215 2476 populum
1234 2395 1271 2455 ad
1294 2415 1365 2476 spa-

213 2491 215 2498 ’
267 2487 391 2557 etardus
413 2488 500 2560 ludos
513 2489 686 2555 convenisse
699 2487 845 2573 viderunt,
859 2487 942 2549 veriti
962 2497 1042 2558 sunt,
1062 2488 1263 2567 permiserunt,
1275 2509 1366 2553 nemo

268 2582 375 2659 attigit.
417 2583 461 2641 Ac
475 2594 588 2642 tanturn
598 2583 628 2639 in
643 2600 820 2659 unoquoque
835 2590 965 2640 vastnrm
977 2580 1008 2643 lu
1024 2579 1194 2657 religionem
1206 2579 1300 2641 tuisse
1311 2582 1365 2643 ob·

268 2674 400 2751 sequium
416 2673 513 2733 videre
523 2684 579 2745 est,
592 2683 627 2731 ut
640 2690 726 2732 omne
740 2672 881 2751 deinceps
896 2670 1041 2750 reliquum
1054 2682 1170 2749 ternpus
1188 2671 1294 2733 choros
1311 2674 1365 2733 do·

268 2773 344 2834 cest,
357 2784 453 2843 neque
467 2784 505 2825 ex
519 2765 638 2844 privatis
656 2764 717 2844 ejus
732 2763 855 2822 inimicis
867 2762 1022 2840 quisquam
1043 2762 1204 2841 probibeat.
1247 2763 1364 2823 Nedum

267 2863 302 2911 ut
323 2854 414 2913 sedilis
430 2856 582 2932 quisquam
607 2856 634 2914 si
660 2874 763 2913 manus
784 2852 897 2914 afferat.
938 2854 1023 2913 Alius
1043 2864 1090 2912 est
1104 2854 1246 2913 Aristides
1259 2874 1277 2913 e
1289 2857 1365 2915 tribu

269 2942 388 3013 OEneia,
401 2945 485 3002 simili
498 2944 558 3004 fere
570 2957 601 3006 et
612 2947 675 3025 ipse
688 2945 856 3008 calamitate
870 2945 1066 3005 conflictatus.
1108 2945 1166 3012 Qui
1173 2946 1238 3025 jam
1251 2956 1284 3005 et
1296 2967 1366 3007 cou-

268 3034 376 3106 scnuit,
391 3046 420 3094 et
435 3035 466 3093 in
478 3044 555 3094 coetu
578 3035 729 3095 ludionum
748 3038 844 3096 minus
864 3046 912 3097 est
926 3038 1048 3096 fortasse
1062 3037 1197 3097 celebris.
1239 3038 1302 3097 Sed
1313 3040 1368 3099 ali·

202 3114 206 3123 ’
269 3126 388 3211 quando
406 3128 469 3195 ‚dux
490 3138 520 3187 et
539 3128 674 3209 princeps
699 3128 792 3189 tribus
813 3128 879 3191 fuit.
920 3130 1007 3190 Scitis
1019 3138 1126 3190 ‘autem
1149 3130 1208 3190 boc
1219 3132 1367 3211 utique,si

267 3220 332 3298 quis
346 3218 453 3283 ducem
468 3220 627 3295 sustulerit,
641 3218 782 3300 reliquum
807 3220 929 3282 eborum
947 3222 1051 3300 perire.
1093 3222 1156 3281 Sed
1177 3232 1273 3284 tarneu
1299 3244 1367 3287 cum

267 3312 368 3372 ediles
382 3314 455 3373 inter
465 3332 529 3372 sese
544 3312 627 3371 multi
642 3312 794 3372 ambitiose
803 3314 1026 3384 contenderent,
1041 3313 1139 3373 nullus
1149 3334 1276 3392 unquam
1291 3336 1366 3395 proe·

266 3404 426 3482 rogativam
440 3406 516 3466 banc
530 3402 745 3480 animadvertit,
760 3414 914 3465 anteusus
936 3415 983 3465 est
1004 3424 1072 3464 eum
1084 3405 1210 3466 educare
1222 3426 1258 3469 ac
1267 3408 1366 3487 probi-

266 3495 345 3553 bere.
388 3496 464 3555 Nam
490 3499 559 3574 quia
578 3498 608 3557 id
630 3496 728 3557 iacere
748 3515 871 3557 necesse
892 3505 963 3569 erat,
976 3516 1013 3555 eo
1026 3516 1116 3557 manu
1138 3498 1295 3577 prebaaso,
1308 3518 1366 3561 nac

267 3581 375 3647 licebat
385 3588 473 3646 citare
487 3588 524 3646 ad
536 3598 700 3667 praetorem,
715 3590 811 3660 sicuti,
826 3589 930 3667 siquis
948 3590 1073 3650 educere
1086 3592 1273 3671 peregrinum
1283 3594 1367 3653 volu·

266 3674 350 3747 isset,
363 3694 448 3734 nemo
463 3678 518 3735 luit
531 3679 660 3737 omnium
675 3681 725 3761 qui
740 3681 770 3739 id
791 3692 851 3740 tam
863 3680 1002 3760 petulans
1017 3682 1131 3742 laturus
1154 3684 1184 3741 in
1202 3682 1367 3765 conspeetu

266 3766 368 3847 populi
380 3766 559 3827 committere
573 3790 633 3829 uon
647 3774 839 3834 erubesceret.

311 3860 358 3919 18.
381 3856 445 3919 Nec
456 3876 524 3917 veru
538 3868 584 3918 est
599 3860 764 3935 serendum,
779 3864 982 3937 Athenienses,
996 3884 1032 3925 ac
1044 3866 1141 3945 potius
1155 3886 1215 3927 non
1228 3868 1366 3946 gravissi·

266 3972 313 4023 me
326 3952 545 4021 vindicandum,
560 3972 626 4011 curn
642 3954 780 4028 aedilium,
795 3958 844 4036 qui
858 3958 889 4016 in
902 3977 939 4018 ea
951 3978 982 4017 re
994 3960 1121 4037 positam
1134 3978 1200 4019 esse
1213 3960 1365 4020 victoriam

265 4056 412 4125 putarent,
428 4057 458 4105 et
476 4064 556 4124 saepe
580 4066 680 4105 ornnes
705 4066 778 4125 opes
806 4068 877 4107 suas
899 4052 928 4109 in
949 4050 1014 4109 brec
1039 4068 1159 4110 munera
1179 4051 1365 4122 effudissent,

266 4156 352 4198 nemo
365 4158 493 4219 unquam
506 4138 595 4198 luerit
609 4158 698 4199 ausus
710 4141 757 4199 vel
771 4160 823 4199 eos
832 4142 986 4220 attingere,
1000 4162 1075 4220 quos
1086 4143 1201 4221 legibus
1216 4145 1296 4215 licet,
1310 4144 1366 4204 sed

265 4230 307 4289 lta
321 4232 473 4310 religiosis,
486 4232 527 4290 ita
540 4234 721 4303 verecundis,
739 4234 780 4291 ita
795 4234 952 4295 moderatis
971 4236 1061 4293 fuisse
1081 4237 1217 4314 ingeniis,
1226 4247 1260 4296 ut
1271 4256 1367 4316 quan·

264 4340 352 4399 quam
367 4332 397 4381 et
407 4334 538 4403 sumptus
558 4322 756 4399 faciebant,'et
776 4326 951 4400 assuebant,
964 4339 1062 4386 tamen
1076 4328 1130 4387 sibi
1156 4337 1363 4407 temperarant,

264 4422 294 4471 et
308 4431 374 4472 cum
384 4426 494 4474 vestras
506 4417 751 4491 voluntates,turn
760 4418 831 4479 testi
845 4418 974 4479 studium
988 4419 1226 4499 considerarent:
1240 4439 1261 4479 a
1271 4420 1366 4480 Misia
