2934 5000
402 306 572 373 CON'l'RA
590 296 886 373 linostimis·
1129 314 1188 376 til

97 462 278 545 arboslptom
289 462 403 531 irrorati
424 462 472 523 lex
484 462 549 525 bec
562 470 626 523 rats
640 471 707 523 esto
720 473 785 523 tttm
796 462 917 525 demoto
928 462 1191 545 nbibnicprsstcri

97 556 174 617 alius
188 544 368 617 succes'serit.
393 555 423 615 ls
435 574 505 617 vcro
515 554 568 633 qui
581 564 650 635 post
662 570 714 617 ess
727 555 825 635 legem
837 554 915 617 banc
927 554 997 616 tulit
1003 557 1067 638 jsm
1084 556 1192 619 recita·

96 658 170 722 tem,
194 668 253 709 non
269 654 389 727 coquum
407 648 533 731 censoir,
554 648 676 711 easdem
697 649 779 729 leges
798 665 865 727 quse
879 648 1022 728 jubentur
1044 651 1192 730 posterius

96 760 188 819 qnam
200 740 268 801 late
279 750 360 810 sunt,
369 749 441 800 ratoe
454 760 529 813 esse,
542 739 641 800 reterri
658 740 697 802 ad
714 759 782 801 enm
795 740 874 800 diem
889 758 908 800 s
920 759 980 820 qno
995 740 1066 801 letas
1080 753 1192 827 cuent,
1207 750 1212 783 ¹

95 852 193 911 neque
203 833 282 913 prius
291 832 443 892 habendas
456 852 519 893 esse
532 842 613 893 ratos
626 852 716 911 quam
729 832 872 913 cujusque
885 844 989 895 auctor
1001 835 1192 913 postulasset.
1250 858 1255 872 ¹

97 922 180 983 Huic
192 923 251 1003 legi
265 922 448 983 considerate
462 943 551 1002 quam
566 924 712 985 contrusis
722 925 761 985 sit
772 944 817 997 ea,
831 944 921 1003 qnam
933 924 991 987 iste
1003 925 1080 986 tulit.
1111 926 1192 987 Nam

94 1015 243 1095 illajubet
257 1014 362 1095 legem,
378 1015 438 1075 sive
454 1016 637 1096 supraefinito·
650 1026 791 1099 tempore,
805 1018 866 1079 sire
880 1019 917 1077 ab
936 1038 973 1079 eo
989 1020 1037 1081 die
1055 1040 1114 1099 quo
1131 1020 1194 1088 lata

95 1105 195 1183 luerit,
211 1118 305 1169 rotam
318 1125 400 1168 esse:
419 1108 474 1169 iste
487 1128 556 1169 vero
571 1109 696 1191 scripsit,
709 1120 742 1170 et
754 1108 779 1170 si
792 1110 857 1189 quis
871 1110 1027 1172 damnatus
1040 1112 1136 1187 luerit,
1153 1112 1192 1175 de

94 1199 251 1280 preteritis
270 1200 404 1279 loquens.
435 1198 540 1281 Neque
558 1201 589 1261 id
606 1202 703 1282 ipsum
719 1202 842 1274 definiit,
864 1202 1012 1281 sdscripto
1026 1214 1151 1282 pretore
1173 1223 1193 1265 s

95 1312 169 1371 quo,
186 1293 239 1353 sed
260 1293 340 1364 fecit,
354 1313 414 1354 non
434 1295 524 1354 modo
543 1294 581 1353 ab
604 1296 661 1355 istc
673 1295 721 1354 die
734 1314 794 1374 quo
807 1296 902 1373 legem
917 1294 999 1367 ‘subn
1012 1305 1118 1366 rstsm,
1138 1295 1193 1357 ssd

93 1386 185 1445 etiam
196 1388 234 1445 ab
243 1396 427 1465 eotempore,
441 1398 599 1465 antequam
609 1398 742 1447 nostrum
754 1376 908 1467 qniiqoam
916 1398 1095 1448 nasceretur.
1115 1388 1194 1449 Nam

94 1497 185 1539 omne
203 1480 384 1557 preteritum
400 1488 529 1556 tempus,
544 1478 625 1558 quod
642 1480 789 1539 infinitum
807 1490 864 1553 est,
881 1500 941 1541 una
961 1479 1194 1559 comprehendit.

93 1572 188 1650 Atqui
206 1581 243 1633 te·
260 1570 398 1651 oportuit,
422 1570 614 1644 Timocrates,
635 1581 687 1631 sut
707 1572 796 1632 istsns
814 1576 877 1633 non
896 1574 1024 1647 ss'ncire,
1041 1580 1094 1635 aut
1112 1573 1193 1635 illan

140 1740 189 1817 li.
208 1754 293 1835 Lege
305 1754 392 1816 sliam
404 1754 514 1836 legem.

591 1956 687 2019 LEX.

111 2154 115 2163 .
131 2118 215 2178 Neqss
223 2115 253 2163 ds
263 2112 432 2177 ignnlsiosls,
442 2111 564 2177 pristinis
575 2111 611 2160 eis
622 2112 761 2177 mutan
771 2113 940 2163 rudtssods·
954 2130 1017 2173 ssss,
1026 2130 1103 2179 ssqss
1114 2117 1146 2165 ds
1156 2118 1195 2167 bis

6 2230 8 2235 .
97 2192 140 2257 qni
150 2193 213 2244 diris
227 2193 322 2249 debent,
333 2196 372 2239 snt
388 2189 471 2238 ersrio
488 2188 673 2247 Atbsm'snsium,
685 2190 715 2237 de
733 2190 872 2239 remittentis
884 2192 980 2248 mnlcts,
992 2202 1032 2239 snt
1048 2192 1140 2250 militis,
1149 2192 1208 2243 nisi'

96 2270 165 2333 prins
179 2269 328 2317 decreverint
341 2266 505 2341 Athenienses,
517 2282 561 2314 sex
575 2264 680 2313 millibus
690 2282 737 2313 non
748 2266 872 2329 pauciores
879 2266 952 2314 licen
962 2265 997 2324 id,
1008 2266 1092 2329 quibus
1102 2268 1194 2317 occulte

97 2345 277 2395 mensoribus
288 2346 322 2392 its
332 2344 403 2392 tuerit
416 2342 503 2392 rison.
527 2342 588 2391 'l'nm
604 2356 661 2391 vero
674 2344 768 2390 demon
782 2344 871 2391 rslsrrs
880 2342 961 2402 iisset,
974 2350 1088 2403 qustum
1102 2342 1197 2392 sermm

97 2424 234 2486 populoque
245 2420 319 2471 visunt
328 2420 408 2468 lussit.

98 2563 168 2624 Alia
190 2562 257 2623 brec
280 2563 329 2622 lex
348 2572 404 2635 est,
424 2579 492 2641 quse
513 2557 552 2622 ds
572 2555 955 2640 ignominiosissimum
975 2555 1085 2616 referre
1104 2565 1196 2630 vetar,
1228 2569 1236 2586 ⁸

97 2664 151 2716 aut
163 2654 339 2736 respondere
353 2655 391 2716 de
402 2675 461 2716 oere
474 2654 570 2715 alieno
584 2651 792 2727 condonando,
807 2646 858 2710 siut
871 2649 985 2724 militia,
997 2650 1053 2710 nisi
1065 2659 1197 2731 potestas

97 2747 168 2810 dats
181 2747 277 2818 luerit,
290 2767 383 2828 eaque
397 2767 457 2808 non
469 2745 639 2828 pauciorum
661 2764 751 2824 quam
766 2763 819 2804 sex
838 2743 962 2802 millium
983 2743 1119 2804 decreto:
1135 2743 1197 2807 iste

97 2860 167 2902 vero
179 2839 278 2921 pslsm
292 2840 420 2920 scripsit,
437 2840 554 2902 etismsi
571 2837 637 2920 quis
650 2838 772 2898 serarim
785 2835 824 2898 sd
840 2834 960 2896 vincula
978 2835 1019 2896 ait
1030 2835 1198 2910 damnatus,

69 2981 76 2988 .
97 2934 204 2994 remitti
218 2933 246 2993 ei
257 2933 356 3008 licere,
371 2932 397 2994 si
413 2933 502 2994 modo
518 2931 608 2994 redes
622 2929 750 3002 dederit,
769 2948 838 2989 cum
850 2927 924 2988 nihil
937 2926 975 2988 de
987 2927 1034 2988 his
1048 2927 1198 3004 sdiecbsm

98 3025 149 3094 sit,
163 3042 258 3102 neque
277 3034 408 3102 potestas
421 3023 538 3084 dicendi
550 3025 629 3084 deta.
650 3022 729 3082 Cum
748 3032 847 3082 autem
858 3019 910 3080 lex
923 3040 980 3081 nec
991 3020 1197 3100 impunitatem

97 3115 206 3197 adepto
219 3115 366 3174 licentiam
379 3115 440 3186 det,
459 3135 513 3176 suo
534 3113 652 3174 arbitrio
665 3113 782 3192 quidvis
795 3110 986 3184 decernendi,
999 3113 1055 3172 sed
1069 3113 1197 3174 eadun-

98 3217 192 3277 taxat,
210 3224 277 3284 quoe
291 3204 404 3264 senatui
418 3201 587 3282 populoque
603 3206 726 3281 probate
738 3200 858 3272 inerint,
870 3200 919 3258 isti
938 3218 978 3258 ne
998 3200 1063 3286 brec
1075 3202 1197 3278 quidem

98 3297 205 3380 injuria
215 3295 286 3356 setis
294 3295 359 3367 ruit,
372 3293 543 3373 impunitate
557 3312 617 3352 non
628 3289 708 3364 date,
719 3290 818 3352 dicere
830 3301 862 3350 et
873 3289 971 3368 legem
981 3290 1055 3348 r'erre
1064 3291 1151 3352 bisce
1156 3293 1196 3353 de

99 3393 198 3462 rebus,
216 3387 270 3448 sed
284 3389 405 3466 insuper
423 3384 522 3458 etiam,
542 3382 625 3442 nulla
643 3382 749 3442 horum
764 3379 844 3461 apud
857 3389 1003 3455 senatum,
1018 3381 1099 3441 nulls
1116 3384 1196 3462 spnd

98 3484 240 3566 populum
263 3481 343 3540 lacta
368 3477 527 3549 mentione,
552 3475 681 3548 occulte,
706 3474 832 3534 dimisso
851 3482 968 3545 senato,
995 3472 1060 3534 eliis
1079 3478 1197 3556 propter

99 3577 205 3638 festum
217 3575 304 3634 feries
316 3569 540 3642 celebrantibus,
550 3562 730 3628 clandestine
741 3566 838 3646 legem
855 3564 987 3626 obtrusit.
1008 3565 1099 3648 Atqui
1109 3587 1197 3649 opor.

100 3671 180 3731 tebat
193 3677 235 3739 te,
252 3665 443 3732 Timocrates,
457 3660 668 3741 quum-legem,
685 3667 774 3738 quern
792 3657 883 3718 modo
904 3655 1033 3732 recitari,
1053 3661 1155 3734 scires,
1171 3662 1197 3723 si

100 3765 154 3824 rite
163 3749 1196 3842 egererelles,primumrelerrcadsenstum,dcinderogsrepopnlnm,

100 3867 132 3916 st
144 3855 196 3926 sic,
209 3854 234 3914 si
254 3849 390 3912 combrus
404 3847 630 3909 Atheniensibus
648 3845 806 3917 videretur,
821 3843 946 3905 scribere
960 3853 992 3903 et
1006 3845 1103 3922 legem
1121 3843 1198 3903 lene

94 3947 140 4018 ,de
148 3947 220 4020 istis,
234 3946 322 4024 idque
332 3951 463 4022 tempore
472 3940 602 4019 legitimo
612 3927 794 4019 exspectato,
801 3946 836 3998 ut
843 3939 929 3998 rebus
937 3935 976 3996 ad
986 3935 1066 3995 hunc
1075 3935 1197 3995 modom

102 4037 319 4108 administratis,
342 4034 458 4096 enimsi
474 4035 549 4113 ,quis
568 4032 724 4094 ostendere
745 4040 912 4103 coneretur,
932 4046 999 4089 enm
1017 4027 1116 4105 legem
1135 4044 1197 4090 nou
1309 4061 1313 4065 ·

101 4153 167 4194 esse
179 4153 197 4192 e
211 4131 373 4212 republica,
387 4128 491 4190 saltem
501 4146 560 4188 non
572 4127 712 4188 insidiose
721 4125 819 4204 egisse
828 4120 980 4192 videreris,
989 4118 1044 4178 sed
1051 4118 1197 4198 opinionis

101 4243 198 4288 errore
212 4224 353 4303 deceptus
365 4221 534 4302 impegisse.
555 4219 654 4294 Nunc,
666 4217 807 4297 quonism
819 4209 1038 4284 etclauculom,
1050 4219 1081 4272 st
1089 4212 1196 4285 subito,

101 4329 132 4378 et
144 4323 248 4377 contra
259 4316 352 4395 leges,
363 4314 449 4376 istsm
460 4311 597 4392 legemin
607 4320 719 4372 catenes
729 4306 871 4369 intrusisti
882 4303 1083 4384 pontequosi
1090 4303 1195 4378 tulisti,

102 4427 219 4474 omnen
244 4407 503 4489 tibi1postulandse
529 4405 622 4468 venie
646 4421 773 4466 cernens
795 4397 938 4465 domu.
978 4397 1059 4460 itm
1080 4396 1119 4460 iis
1140 4398 1196 4478 qni

1044 4637 1059 4670 b
