2934 5000
264 337 324 402 602
534 341 578 402 IN
599 339 838 405 ONETOREM
862 341 979 406 [June
1000 343 1041 403 Vi
1064 343 1087 403 i·

263 495 433 574 opponitnm
446 515 512 558 eaae
525 497 606 570 dicit,
622 497 674 558 ned
687 499 724 558 ab
740 497 821 558 initio
830 497 955 560 fortunia
968 499 1040 560 meio
1054 495 1220 560 insidiatum
1224 505 1373 574 ,prater-

262 605 356 665 eoque
373 590 523 650 mulierem
544 591 629 670 cujus
648 589 765 650 nomine
779 607 826 649 me
841 609 858 652 e
872 589 964 650 fundo
977 589 1065 670 ejecit
1085 609 1145 650 non
1156 589 1339 650 dbceeaim
1353 609 1373 648 a

262 678 376 751 marito,
391 680 445 740 aed
463 700 529 740 enm
542 682 573 740 in
587 680 837 767 fraudemmeam
853 681 969 761 Aphobi
988 701 1108 742 caueam
1132 701 1222 761 egere
1245 690 1281 740 et
1300 680 1372 741 bne
1448 739 1449 748 ,

256 767 370 850 judicia
382 773 488 846 subire,
502 771 578 833 adeo
592 771 708 853 magnis
722 772 814 852 signia
824 783 855 832 et
869 771 1052 835 evidentibus
1064 772 1259 854 argumentis,
1270 783 1307 831 nt
1316 791 1372 832 voe
1448 783 1449 850 t

146 925 151 934 ,
261 879 364 922 omnee
386 872 467 923 certo
487 863 632 944 cognituri
651 864 725 935 sitia,
742 863 810 942 jure
829 865 1094 944 convenienterque
1108 884 1176 924 eum
1196 861 1260 924 boc
1282 883 1303 924 a
1320 883 1370 924 me

255 953 368 1033 jndicio
381 957 523 1018 accusari.
565 955 652 1017 Dabo
666 966 765 1017 eutem
777 973 896 1034 operam
910 965 943 1016 ut
954 954 1024 1016 inde
1035 956 1149 1034 capiam
1160 952 1306 1016 narrundi
1314 973 1371 1014 ex·

205 1100 207 1105 .
260 1045 474 1119 ordium‚unde
486 1048 703 1134 roaunegotinm
714 1047 852 1108 facillime
862 1047 1039 1128 percipietis.

300 1141 330 1196 d.
352 1139 497 1199 Fortunae
511 1157 602 1211 meaa,
616 1139 749 1211 iudices,
763 1157 781 1199 a
796 1139 940 1200 tutoribus
954 1138 1033 1200 maie
1046 1136 1255 1208 administrari,
1268 1153 1369 1216 neque

258 1230 349 1290 iatum
368 1251 464 1312 neque
484 1232 593 1292 multoe
609 1231 682 1292 alioa
696 1229 922 1292 Atheniensium
943 1229 1040 1302 latuit,
1055 1223 1109 1292 ned
1133 1231 1236 1290 atatim
1262 1229 1366 1308 palam
1448 1259 1449 1274 κ

260 1321 316 1382 iuit
328 1321 460 1402 injuriam
473 1321 544 1382 mibi
558 1322 639 1382 fieri:
659 1321 735 1382 adeo
759 1322 859 1382 multe
880 1323 1071 1384 tractationes
1092 1332 1124 1382 et
1144 1317 1366 1400 disputatione«

259 1432 328 1478 cum
350 1415 430 1494 apud
452 1425 607 1494 praetorem
630 1425 693 1474 tum
715 1415 797 1494 opud
816 1423 939 1478 ceteros
958 1413 1073 1492 judice·
1087 1411 1201 1482 flebant
1218 1411 1367 1475 derebus

261 1506 344 1568 moia.
385 1505 463 1590 iiam
482 1506 565 1566 etde
583 1504 785 1584 magnitudine
807 1503 900 1564 relicti
921 1503 991 1564 mibi
1007 1503 1174 1583 patrimonii
1191 1503 1364 1572 mnne-hm

260 1607 291 1656 et
303 1606 416 1677 tutore·
430 1615 490 1656 non
503 1594 618 1657 elocare
631 1597 761 1668 domum,
777 1606 811 1655 ut
829 1595 885 1674 ipai
902 1594 1027 1674 pecunie
1040 1593 1221 1667 imerentur,'
1230 1611 1295 1653 non
1307 1594 1363 1652 ob·

260 1707 379 1748 acutum
392 1698 464 1748 eret.
505 1689 605 1754 Quare
625 1687 794 1766 quicunque
812 1685 863 1746 ille
884 1695 989 1746 norant
1007 1704 1066 1746 non
1087 1684 1279 1758 dubitabant,
1293 1685 1363 1763 quin

1446 1289 1449 1436 i

259 1799 328 1840 cum
340 1782 382 1841 ita
392 1781 475 1840 deret
487 1780 689 1860 cumprimum
697 1779 808 1839 virilem
822 1789 920 1858 togam
931 1779 1134 1858 eumpsieeem,
1146 1797 1255 1857 poenaa
1265 1796 1361 1836 entem
1446 1791 1449 1812 ¹

260 1871 298 1933 de
320 1874 363 1933 eia
386 1883 573 1952 sumpturae:
595 1872 670 1934 inter
682 1889 760 1950 quoe
773 1882 804 1932 et
817 1871 998 1933 Timocrates
1016 1880 1047 1932 et
1067 1870 1180 1930 Onetor
1198 1871 1230 1928 in
1243 1889 1283 1929 ea
1298 1889 1364 1928 een-

260 1964 353 2024 tentia
373 1962 514 2042 perpetuo
533 1963 661 2022 inerunt.
713 1961 800 2029 Quod
816 1961 857 2020 ita
870 1980 934 2021 enee
953 1963 1082 2022 maximo
1095 1961 1171 2022 illud
1184 1973 1364 2040 argumento

235 2079 240 2086 ·
260 2065 314 2128 eat,
328 2054 408 2134 quod
427 2055 484 2114 iate
496 2071 625 2114 acrorem
640 2053 769 2133 Aphobo
782 2052 852 2114 dare
867 2053 969 2126 voluit,
982 2074 1048 2115 cnm
1069 2073 1127 2113 non
1147 2053 1239 2116 modo
1254 2067 1361 2133 suopte

261 2145 315 2206 ted
334 2156 366 2204 et
384 2163 450 2206 meo
468 2165 527 2206 non
547 2162 639 2225 parvo
659 2143 833 2224 patrimonio
852 2145 978 2225 potitum
991 2145 1113 2218 videret,
1134 2145 1235 2208 dotem
1258 2155 1362 2208 autem

262 2236 591 2317 numerareperrimnit,
603 2246 743 2316 tanquam
757 2247 883 2296 tutorum
894 2255 964 2316 open
979 2238 1098 2317 pupillis
1113 2236 1203 2297 veluti
1216 2238 1361 2318 oppigne-

261 2339 340 2390 rata·
359 2349 424 2389 eene
443 2328 606 2408 judicaret:
630 2349 667 2389 ac
688 2347 818 2390 sororem
836 2327 954 2406 quidem
978 2328 1071 2400 dedit,
1087 2328 1141 2390 sed
1154 2329 1256 2390 dotem
1270 2349 1363 2390 neura

262 2421 390 2501 quinque
403 2420 556 2483 obolorum
569 2441 601 2481 ae
621 2422 648 2481 ei
668 2420 835 2492 debiturum
855 2420 968 2499 pepigit
987 2421 1177 2494 Timocraten,
1190 2423 1215 2481 is
1232 2423 1263 2480 in
1277 2421 1364 2502 eujus

261 2515 445 2576 matrimonio
467 2515 571 2576 mulier
591 2515 672 2595 priua
693 2514 800 2578 iuerat.
842 2512 1005 2593 Postquam
1021 2525 1118 2575 autern
1136 2534 1184 2581 me
1197 2524 1362 2575 accusante

261 2601 362 2667 tutelae
370 2606 485 2686 judicio
497 2606 711 2667 condemnatus
724 2606 781 2666 fuit
796 2605 941 2685 Aphobue
959 2624 1015 2666 neo
1029 2626 1096 2686 qum
1105 2607 1189 2685 juata
1202 2617 1288 2667 erant
1300 2606 1363 2667 nlla

261 2718 298 2760 er
311 2708 395 2778 perte
413 2708 555 2779 praetere
567 2699 670 2770 voluit,
691 2698 825 2761 dirimere
837 2700 1066 2761 controversiam
1087 2700 1294 2784 Onetorinter
1307 2720 1361 2761 noe

263 2812 323 2852 non
336 2793 478 2854 inetituit:
499 2794 553 2853 aed
566 2812 636 2853 cnm
648 2791 750 2852 dotem
765 2810 825 2851 non
839 2782 1034 2865 numerasset,
1054 2812 1179 2872 eamque
1192 2794 1223 2853 in
1236 2812 1295 2854 ena
1306 2812 1360 2873 po·

132 2960 138 2967 ,
261 2894 368 2945 tentate
381 2884 511 2955 baberet,
524 2884 567 2943 sic
580 2894 689 2953 tamen,
699 2884 786 2962 quasi
798 2882 1082 2944 divortium-iccium
1095 2884 1187 2956 comi,
1196 2886 1359 2963 atqneipne

261 2976 362 3035 datam
377 2976 477 3036 dotem
489 2993 662 3052 recuperare
675 2992 735 3037 non
748 2985 858 3052 ponet,
870 2976 926 3037 eibi
940 2975 1081 3054 predium
1094 2974 1169 3035 illud
1182 2975 1361 3055 oppignera-

262 3078 326 3126 tnm
338 3086 402 3127 eene
416 3064 565 3137 etenum,
584 3082 623 3124 ex
634 3085 673 3125 eo
685 3084 733 3126 me
747 3065 864 3145 exigere
884 3086 946 3127 non
963 3068 1116 3129 dubitarit.
1159 3068 1265 3147 thue
1281 3068 1360 3129 adeo

234 3229 239 3235 .
262 3169 293 3219 at
304 3178 352 3219 me
365 3167 397 3218 et
407 3175 461 3217 voe
473 3164 505 3216 et
516 3169 652 3235 receptu
666 3156 749 3235 legen
758 3158 944 3237 contempnit.

302 3254 331 3311 3.
354 3252 399 3313 At
411 3248 651 3329 quoiacteaint.
663 3260 784 3328 propter
796 3268 944 3326 quaereus
958 3262 1010 3309 eat·
1018 3258 1051 3309 et
1064 3247 1103 3310 de
1113 3250 1222 3329 quibua
1237 3262 1364 3311 senten·

261 3346 333 3405 tiem
345 3342 432 3403 taturi
444 3342 516 3402 eatie
527 3340 545 3399 J
549 3339 660 3411 udices,
669 3340 735 3399 bec
744 3350 831 3399 eunt:
853 3339 999 3401 exhibebo
1007 3350 1105 3401 autem
1115 3350 1216 3413 mettre,
1231 3342 1360 3421 primum

259 3436 354 3515 ipenrn
368 3436 571 3503 Timocratem,
591 3431 738 3510 pepigime
752 3448 819 3491 eum
838 3450 873 3492 ee
889 3430 1055 3492 debiturum
1075 3430 1174 3493 dotem
1193 3442 1224 3492 et
1238 3452 1363 3493 murem

261 3526 340 3585 dotia
352 3544 524 3587 numeratae
534 3524 662 3604 Aphobo
671 3542 709 3582 ex
717 3521 814 3601 pactio
825 3522 1026 3595 monumentis,
1034 3522 1142 3599 deipde
1149 3525 1362 3605 ipenmApbo-

261 3618 332 3684 burn
344 3615 509 3678 ooniecieee
520 3614 639 3677 tabulae
648 3614 687 3678 de
696 3630 787 3673 neura
800 3613 995 3675 nTimocrnte
1008 3612 1199 3695 accipiendo..
1219 3616 1305 3697 Cape
1318 3628 1363 3677 te·

262 3707 407 3769 aimonio.

621 3992 626 4006 .
675 3940 940 4017 resrretoum.
958 3890 977 4039 f

259 4083 329 4143 Jam
341 4082 466 4162 pdmnm
479 4084 609 4144 omnium
621 4094 748 4153 constat,
762 4102 820 4142 non
834 4095 1014 4145 numeratam
1028 4104 1091 4147 ome
1102 4086 1212 4159 domm,
1227 4108 1280 4149 nec
1289 4106 1355 4147 eam

121 4216 127 4221 .
259 4174 290 4233 in
303 4190 358 4234 ena
371 4184 516 4254 peteme
527 4176 665 4236 babuieee
678 4175 845 4255 Aphobum.

300 4270 330 4323 t.
351 4264 422 4344 ipen
431 4276 530 4326 eutem
542 4284 591 4327 rea
605 4265 739 4327 dederet
752 4264 834 4343 satia
848 4274 967 4345 propter
979 4268 1173 4348 eaquedixi‚
1186 4288 1238 4330 eoa
1248 4270 1358 4329 debere

261 4354 406 4420 maleine,
419 4356 530 4428 dotem,
552 4376 641 4435 quem
664 4359 827 4433 immiscere
849 4357 879 4415 in
903 4376 964 4417 rem
982 4358 1152 4421 familiarem
1175 4362 1294 4442 ephebi
1315 4362 1358 4420 tic

260 4443 496 4523 venditorum.
539 4450 616 4511 Nem
628 4470 691 4512 ⁴nec
707 4450 836 4530 inopiam
856 4458 1015 4528 putente
1036 4466 1163 4532 munt
1183 4450 1358 4533 quo-minae
