2934 5000
350 358 353 367 '
381 350 556 445 contat
577 352 939 472 Anteroclte‘rsstn
1143 360 1208 425 899

115 504 294 583 reipublicae,
306 514 337 569 et
349 526 407 585 quo
420 508 517 570 minus
528 508 696 587 Amphipoli
708 508 884 589 potlrerninl,
897 529 990 571 unum
1002 514 1132 577 omnium
1142 535 1207 580 ma·

117 596 193 656 xime
209 600 369 669 obstitisse,
390 609 422 660 et
438 620 476 659 err
491 600 591 673 literis,
613 610 644 661 et
660 601 790 671 decreto,
811 611 842 661 et
858 605 1027 665 testimonio
1044 609 1206 677 audivistis.

109 691 160 748 'Ac
173 690 313 770 principia
322 692 442 771 quidem
455 691 615 755 facinorum
627 692 794 753 Charidemi
807 693 877 753 talia
886 704 963 755 sunt.
988 696 1057 757 Jam
1067 700 1125 761 alia
1134 723 1207 765 cou-

113 782 304 861 templamini.
329 782 424 843 Parvo
438 784 532 862 spatio
545 786 684 862 temporis
699 784 861 864 interjecto,
873 786 1009 865 belloque
1019 790 1134 870 Cotyco
1141 796 1205 875 jam

114 873 267 951 gliscente,
279 874 366 937 mittit
377 858 475 935 liieras
489 876 527 935 sd
543 894 606 947 vos,
626 877 685 935 imo
698 895 760 936 non
774 876 813 935 ad
826 896 890 949 ros,
902 879 957 939 sed
970 880 1008 940 ad
1022 883 1205 963 Cephisodot-

114 975 176 1023 tum
190 967 305 1044 potiusr
326 985 420 1045 usque
435 967 510 1027 adeo
531 986 549 1026 a
562 984 627 1025 sese
641 969 741 1027 urbem
760 988 798 1028 ne
812 968 907 1048 decipi
920 971 1036 1049 quidem
1049 994 1137 1054 posse
1150 1000 1205 1059 pu.

114 1058 206 1129 tabat,
220 1076 339 1118 suarum
354 1058 602 1119 machinationum
621 1059 766 1119 conscius.
790 1061 824 1118 ln
839 1062 873 1121 iis
888 1061 979 1121 literis
992 1066 1229 1147 se‘reipublicar'

114 1158 222 1209 noemae
236 1148 454 1211 Chersonesum
467 1148 542 1209 velle
559 1150 709 1209 restituere
721 1149 924 1228 pollicebatur,
935 1172 1001 1213 cum
1014 1156 1162 1221 diversum
1173 1162 1205 1222 in

113 1242 210 1301 animo
222 1244 360 1319 haberet„
374 1242 534 1303 Estautem
546 1242 626 1301 cobis
639 1242 889 1319 cognoscendum,
902 1263 971 1321 qun
982 1245 1060 1306 illius
1073 1251 1206 1329 epistolas

112 1332 263 1393 mittendae
282 1333 450 1393 occasiones
464 1332 580 1403 luerint,
594 1330 680 1410 idque
701 1333 813 1411 paucis,
828 1345 859 1393 et
868 1334 1111 1397 considerandum
1122 1343 1205 1423 inge.

112 1426 192 1485 nium
207 1424 342 1497 hominis,
354 1435 388 1483 ut
397 1423 495 1484 sciatis
508 1424 655 1501 quomodo
668 1422 693 1483 is
708 1426 746 1485 ab
752 1424 835 1483 initio
842 1426 993 1486 vobiscum
1002 1430 1103 1505 egerit.
1127 1435 1204 1495 Cum

112 1518 190 1577 enim
204 1516 339 1577 dimissus
349 1524 429 1576 esset
438 1514 626 1585 aTimotheo‚
635 1524 696 1575 tum
706 1516 875 1595 Amphipoli
883 1518 1049 1591 discedens,
1059 1521 1088 1579 iu
1101 1523 1203 1585 Asiam

113 1620 322 1689 transgressus,
333 1611 372 1678 ob
378 1609 557 1669 Artabazum
566 1610 604 1669 ab
614 1608 835 1687 Autophradate
848 1611 1102 1689 comprehensum,
1114 1624 1146 1675 et
1152 1635 1205 1677 ex·

110 1704 233 1761 ercitum
247 1702 477 1780 etsemetipsum
492 1701 606 1778 generis
621 1701 762 1761 Artabazi
773 1700 861 1763 locat.
882 1701 1013 1781 fideque
1025 1703 1098 1764 data
1109 1716 1141 1767 et
1153 1727 1205 1771 ac·
1334 1694 1339 1700 ’

111 1804 208 1872 cepta,
225 1794 360 1873 neglecto
383 1803 414 1853 et
433 1792 540 1853 violato
556 1792 759 1872 jurejurando,
771 1812 862 1869 quum
883 1793 1085 1871 provinciales,
1097 1799 1146 1876 qui
1164 1802 1205 1861 ab

112 1886 206 1945 amico
219 1885 289 1944 nihil
309 1884 490 1953 metuebant,
505 1882 601 1943 nullas
612 1882 754 1943 excubias
767 1894 897 1961 agerent,
910 1894 970 1946 tres
987 1904 1087 1946 eorum
1107 1892 1203 1962 urbes,
1330 1885 1334 1896 ¹

111 1978 243 2057 Scepsio,
255 1976 397 2044 Cebrcna,
409 1988 440 2035 et
449 1976 531 2036 lliurn
543 1985 677 2055 occupat.
702 1974 758 2036 llis
769 1977 887 2036 urbibus
900 1963 1202 2059 potitus,imprudens

109 2068 138 2127 iri
153 2088 217 2127 eam
234 2067 437 2127 necessitatem
456 2066 567 2137 incidit,
581 2085 669 2144 quarn
683 2086 743 2125 non
756 2067 844 2127 modo
858 2068 941 2145 isqui
955 2088 987 2128 se
999 2070 1202 2150 imperatorem

109 2160 269 2239 profitetur,
284 2157 336 2217 sed
351 2176 404 2215 nec
418 2178 434 2216 e
449 2156 557 2235 populo
570 2157 723 2235 quisquam
734 2158 868 2236 ignorare
880 2168 969 2237 atque
982 2160 1136 2223 admittere
1149 2165 1202 2225 de·

109 2250 233 2311 buisset.
262 2250 360 2319 Quum
379 2248 454 2307 enim
468 2246 579 2306 nulluin
595 2248 767 2307 maritimum
788 2250 885 2308 locum
906 2260 1028 2323 teneret,
1041 2262 1094 2312 aut
1111 2255 1202 2317 alium

108 2342 187 2403 unde
200 2350 394 2402 commeatum
412 2348 583 2419 supportare
597 2338 735 2399 militibus
749 2350 862 2419 posset,
873 2358 928 2399 nec
947 2340 976 2397 in
998 2341 1068 2419 ipsis
1086 2344 1201 2423 oppidis
1294 2397 1298 2404 .

108 2432 286 2493 frumentum
307 2430 437 2504 haberet,
455 2430 531 2489 intra
550 2430 656 2489 moenia
672 2430 811 2503 substitit,
829 2450 923 2510 neque
942 2430 1063 2511 direptis
1081 2436 1201 2496 urbibus

108 2527 188 2599 abiit,
207 2537 359 2606 postquam
373 2525 491 2583 omnino
504 2523 644 2582 scelerate
661 2541 749 2602 agere
769 2523 946 2584 decreverat.
978 2523 1020 2584 Ut
1032 2544 1101 2585 vero
1114 2527 1201 2589 sru-

100 2599 196 2678 'bazus
220 2617 355 2677 dimissus
377 2615 415 2675 ab
436 2615 667 2694 Autophradate,
685 2614 814 2675 collectis
834 2614 926 2693 copiis
947 2614 1059 2685 aderat,
1074 2617 1101 2676 is
1119 2637 1200 2679 esu·

106 2711 218 2788 periore
232 2707 359 2790 Phrygia
373 2716 404 2766 et
418 2706 510 2788 Lydia
521 2718 555 2776 et
566 2705 777 2793 Paphlagonia,
786 2706 950 2786 conjunctis
961 2727 1061 2767 secum
1074 2710 1201 2788 regioni·

108 2803 162 2859 bus
174 2799 290 2860 abunde
303 2809 498 2860 commeatum
512 2797 834 2869 habebat,Churidemo
846 2815 915 2858 vero
926 2791 996 2856 nillil
1006 2808 1113 2877 praeter
1121 2801 1201 2861 obsi·
1302 2868 1310 2888 ἱ

105 2891 222 2952 dionem
233 2903 393 2972 supererat
409 2893 484 2952 Cum
495 2901 591 2951 autern
601 2888 1199 2969 animadverteretinouautisessetmalis‘,

104 2995 135 3044 et
148 2984 325 3062 cogitatione
338 2994 476 3063 suscepta
487 2983 670 3060 intelligeret,
683 3001 716 3044 se
729 2983 760 3041 in
771 2980 901 3041 hostium
914 2999 1018 3040 manus
1031 2993 1198 3055 venturum,

106 3075 131 3135 si
141 3075 222 3136 nulla
231 3095 262 3135 re
275 3076 342 3148 alia,
350 3075 427 3132 fame
439 3073 541 3134 saltem
551 3077 702 3134 subactum
713 3095 721 3142 ;
743 3071 902 3153 prospexit,
911 3071 972 3132 sire
980 3072 1147 3133 admonitus
1159 3076 1198 3135 ab

106 3166 174 3237 alio,
195 3167 261 3226 'sire'
274 3165 395 3225 consilio
409 3184 428 3224 a
441 3165 607 3243 semetipso
619 3167 721 3242 petito,
738 3183 804 3224 eam
822 3183 904 3242 spem
922 3163 1024 3225 salutis
1038 3165 1133 3224 solam
1153 3184 1199 3236 re·

106 3258 331 3337 steresibi,quae
345 3275 446 3318 omnes
456 3275 629 3335 conservare
643 3257 760 3316 soleret.
781 3255 979 3334 Eaueroquar
989 3255 1058 3316 esti
1079 3257 1199 3331 Nostra,

106 3350 312 3420 Athenienses,
336 3351 397 3411 sire
416 3349 541 3412 dicenda
558 3359 605 3408 est
617 3348 793 3420 humanitas,
812 3349 873 3408 sive
893 3348 973 3426 quod
993 3367 1099 3408 nomen
1116 3349 1198 3412 aliud
1223 3366 1227 3383 ¹

106 3454 242 3508 meretur.
276 3443 364 3510 Quod
378 3444 427 3502 ubi
443 3451 593 3514 statuerat,
615 3441 697 3500 vobis
710 3443 800 3502 mittit
815 3441 980 3520 epistolam,
992 3460 1080 3521 quam
1096 3433 1215 3507 suune

103 3535 335 3615 operaepretium
349 3533 447 3604 fuerit,
462 3533 655 3594 ut'ostentata
669 3553 721 3612 spe
737 3531 914 3592 Chersonesi
932 3536 1150 3612 recuperandis,
1166 3549 1198 3598 et

103 3629 173 3706 quia
193 3627 230 3687 de
246 3627 447 3708 Cephisodoti,
465 3627 519 3706 qui
532 3625 681 3706 Cotyis'et
699 3625 853 3704 Iphicratis
873 3627 1033 3704 putabatur
1052 3627 1196 3704 inimicus,

102 3719 226 3780 consilio
241 3739 326 3799 agere
340 3719 504 3789 videbatur,
518 3718 683 3778 triremibus
703 3736 721 3778 a
739 3715 821 3777 uobis
835 3715 1038 3796 suppeditatis,
1059 3721 1132 3785 citra
1144 3725 1196 3802 pe·

102 3811 224 3871 riculum
238 3811 359 3871 exAsia
371 3803 548 3890 aufugeret(
640 3880 644 3888 Ι
1077 3839 1081 3844 ’

106 3895 112 3904 ’
143 3909 192 3966 39.
213 3907 328 3967 interea
336 3907 407 3987 quid
416 3907 458 3981 fit,
471 3905 549 3965 unde
558 3925 604 3966 res
613 3905 678 3985 ipsa
686 3905 784 3986 palam
798 3906 977 3985 deprehensa
987 3905 1053 3966 esti
1073 3905 1196 3967 Memno

100 4007 132 4058 et
146 3997 274 4072 Mentor,
287 3999 420 4058 homines
439 3992 660 4070 adolescentuli,
674 3997 902 4077 inexspectatum
921 3995 999 4056 nacti
1013 3993 1194 4068 felicitatem,

77 4137 79 4142 .
101 4087 268 4150 affinitatem
292 4091 441 4164 Artabazi,
461 4089 558 4167 cupidi
582 4087 680 4150 statim
700 4087 856 4149 exercendi
875 4086 994 4165 imperii,
1016 4097 1047 4178 et
1062 4087 1195 4166 potiundi

101 4179 268 4252 honoribus,
281 4201 339 4240 non
355 4181 475 4261 gerendi
487 4181 557 4242 belli
574 4190 604 4242 et
615 4179 785 4250 dimicandi,
802 4179 949 4237 Artabazo
961 4177 1081 4248 instant,
1100 4189 1135 4239 ut
1148 4180 1195 4265 ul-

100 4271 180 4331 tione
194 4271 360 4332 Charidemi
374 4274 490 4346 omissa,
508 4271 644 4350 belloque
658 4272 832 4350 composito,
847 4286 901 4348 per
918 4267 1050 4327 inducias
1065 4290 1133 4329 eum
1149 4271 1194 4330 di·

100 4363 245 4448 mitterem
267 4363 418 4438 docentes,
435 4363 547 4424 etiamsi
570 4365 632 4443 ipse
655 4363 757 4434 nollet,
777 4379 831 4420 sos
853 4372 918 4419 eum
939 4369 1194 4440 transportaturos,

100 4475 156 4520 nec
170 4457 265 4534 ipsum
278 4456 308 4518 id
320 4475 407 4536 posse
416 4453 578 4536 prohibere.
600 4455 642 4514 Ut
652 4463 751 4516 autem
762 4450 956 4516 Charidemus
961 4462 1071 4532 praeter
1076 4466 1195 4519 omnem
