2934 5000
222 237 264 344 aa
574 277 965 360 otrnrrrmcarnn.

153 463 158 472 ·
228 471 233 480 ·
262 435 293 496 ὅ.
315 435 418 514 Inque
432 452 574 498 censens
592 433 675 496 vohis
686 445 774 514 opem
787 433 935 496 ferendam
947 453 1015 496 ease
1030 431 1190 512 Olynthiis,
1203 451 1240 496 ac
1258 451 1323 512 que

219 526 352 608 pulcrius
371 538 403 590 et
418 526 541 588 celerius
560 526 623 606 qu'u
643 526 703 588 fieri
719 527 852 606 jusserit,
868 545 905 588 eo
925 525 1020 604 magis
1043 525 1113 585 mihi
1134 525 1323 605 probabitur:

222 630 254 680 et
267 620 306 680 ad
319 620 477 682 Thessalos
485 620 659 699 legationem
674 619 857 691 mittendam,
870 638 937 697 quae
951 617 1101 696 alioshoec
1109 617 1243 690 edoceat,
1252 617 1327 678 alios

222 712 409 777 exhortetur:
430 733 510 773 nuuc
524 711 601 774 eninr
617 711 747 790 Pagasas
760 730 913 792 reposcere
931 721 963 770 at
975 710 1014 769 de
1028 709 1183 787 Magnesia
1205 729 1274 770 cum
1286 728 1325 770 eo

222 824 309 884 agere
323 805 523 872 decreverunt.
565 804 643 864 Illud
665 815 765 864 tamen
786 803 947 883 providete,
960 801 1168 876 Athenienses,
1182 813 1220 862 ne
1232 804 1326 870 verba

221 899 369 960 duntaxat
387 897 510 960 afferant
524 899 613 978 legati
627 898 726 970 nostri,
745 899 800 960 sed
811 909 845 958 nt
863 917 938 979 opus
953 897 1064 975 aliquid
1082 898 1237 958 ostendere
1251 917 1326 977 pos·

177 1023 183 1034 ,
220 991 289 1062 sint,
306 991 445 1070 profectis
459 991 542 1051 nobis
557 1001 610 1070 pro
629 989 770 1070 dignitate
781 990 906 1052 civitatis
917 991 955 1050 sd
966 991 1062 1076 lellus
1075 999 1109 1050 et
1126 990 1192 1069 ipsa
1204 1009 1236 1050 re
1256 1010 1327 1052 sus·

220 1095 318 1163 cepta,
326 1102 400 1144 nam
416 1101 485 1144 cum
497 1083 593 1145 omnis
606 1085 709 1155 oratio,
722 1083 747 1144 si
759 1103 807 1145 res
819 1083 940 1161 -ahsint,
959 1083 1095 1144 frivolum
1113 1083 1256 1162 quiddam
1271 1084 1327 1146 hs·

219 1175 327 1236 beatur
336 1185 366 1236 et
378 1177 475 1251 inane,
489 1188 551 1238 tum
563 1196 632 1238 vern
643 1179 770 1238 maxime
779 1185 892 1256 saque
900 1195 918 1236 s
926 1186 1027 1236 nostra
1034 1175 1107 1236 urbe
1116 1176 1326 1255 proficiscitur:

220 1277 335 1349 quanto
346 1269 422 1328 enim
431 1270 590 1349 promptius
604 1287 641 1330 ea
652 1269 696 1330 uti
708 1268 850 1339 videmur,
863 1285 899 1328 eo
911 1267 1005 1346 magis
1017 1267 1046 1326 ei
1058 1265 1198 1338 diffidunt
1209 1285 1325 1329 omnes.

261 1364 291 1422 6.
312 1360 508 1422 ostendenda
529 1362 679 1442 igiturest
700 1359 824 1440 insigssis
840 1359 993 1420 conversio
1015 1369 1048 1420 et
1064 1377 1173 1438 magua
1190 1359 1327 1437 muntia,

203 1449 206 1467 ⁴
220 1453 398 1516 conferendo
411 1455 527 1526 tributo,
537 1453 699 1526 militando,
709 1451 948 1514 omniaalacriter
957 1451 1099 1530 gerendo,
1107 1451 1133 1512 ai
1141 1451 1232 1512 mmo
1242 1451 1327 1531 quis·

193 1545 197 1552 '
219 1566 308 1628 quam
322 1547 405 1608 vohis
418 1547 504 1608 fidem
515 1557 563 1608 est
574 1546 737 1608 habiturus.
766 1545 876 1613 Quasi
885 1542 988 1605 voletis
999 1554 1034 1604 ut
1046 1544 1184 1604 convenit
1198 1553 1328 1623 etopus·

219 1649 264 1700 tet
273 1640 433 1712 absolvere,
445 1658 507 1699 non
525 1639 630 1712 edum,
641 1637 850 1709 Athenienses,
857 1635 1016 1698 loederatos
1032 1637 1163 1698 infirmos
1170 1647 1202 1698 et
1218 1637 1328 1700 infidos

221 1733 375 1812 apparebit
387 1751 451 1794 esse
465 1732 610 1811 Philippo,
626 1731 679 1790 sed
694 1730 782 1790 etiam
796 1727 988 1790 domesticum
1002 1727 1226 1809 ejusimperiunr
1236 1740 1328 1788 etco-

221 1823 288 1904 pias
307 1823 439 1884 hhorare
452 1821 696 1902 deprehendetur.
738 1819 868 1880 Omnino
888 1820 964 1880 enim
979 1819 1175 1882 Macedonica
1193 1822 1330 1904 potentia

223 1927 256 1976 st
263 1915 426 1994 imperium,
437 1911 628 1976 additamenti
641 1913 759 1994 quidem
768 1913 844 1984 vice,
852 1931 911 1973 nna
919 1931 1039 1991 parvum
1049 1911 1191 1991 quiddam
1204 1924 1259 1984 est,
1272 1933 1330 1974 cu·

218 2007 348 2088 jusmodi
356 2007 438 2068 votis
449 2006 607 2085 aliquando
617 2005 682 2078 fuit,
689 2007 862 2084 imperatore
869 2004 1034 2078 Timotheo,
1040 2013 1146 2066 contra
1152 2004 1327 2085 Olynthiosz

151 2109 152 2120 ¹
221 2109 312 2180 atque
342 2098 448 2159 iterum
467 2107 570 2158 contra
588 2097 750 2158 Potideam
771 2095 921 2177 Olynthiis
945 2097 1041 2156 visum
1060 2107 1193 2158 estesse
1212 2097 1326 2176 aliquid

223 2202 380 2268 utrumque
395 2189 602 2270 conjunctum:
623 2188 867 2250 nuncThessalos
883 2188 1051 2250 laborantes
1062 2207 1099 2250 ac
1117 2189 1326 2254 &uendentes

225 2284 452 2346 etconturbatos
459 2281 537 2362 idem
547 2292 649 2343 contm
661 2282 844 2362 tyrannicam
856 2281 1042 2340 Aleurdcruss
1050 2281 1189 2347 familiam
1200 2282 1326 2362 adjuva.

226 2373 306 2444 Quin
325 2375 491 2454 ubicunque
512 2373 625 2455 eliquia,
644 2374 756 2453 opinor,
769 2374 815 2434 rel
829 2393 934 2453 maras
947 2373 1088 2453 adjecerit
1099 2376 1187 2449 sires,
1200 2395 1326 2436 summm

224 2468 265 2529 rei
279 2465 409 2549 prodest.
450 2467 550 2547 Ipsum
564 2486 633 2527 vero
646 2485 697 2547 per
712 2484 745 2527 se
757 2465 903 2527 infirmum
917 2485 952 2525 ac
968 2465 1065 2527 multis
1078 2465 1163 2537 melis
1176 2479 1224 2531 est
1233 2469 1327 2531 refer·

225 2569 299 2621 turn.
328 2557 443 2619 Etenim
459 2557 514 2617 iste
532 2556 579 2617 his
593 2560 678 2619 rebus
691 2558 837 2628 omnihus,
852 2560 891 2618 oh
905 2577 980 2637 quas
993 2578 1133 2638 magnum
1146 2580 1215 2621 eum
1227 2572 1328 2641 putes,

225 2651 308 2712 bellis
322 2660 355 2709 et
365 2648 612 2727 expeditionibus,
625 2649 772 2711 ruinosius
789 2648 877 2711 etiem
889 2650 932 2724 id,
944 2670 1033 2730 quam
1046 2662 1152 2732 suapte
1164 2650 1329 2715 emutatu-

98 2750 115 2774 s
225 2752 299 2815 erat,
318 2739 433 2801 sibimet
444 2738 550 2800 effecit.
592 2740 697 2821 Neque
710 2742 788 2802 enim
801 2742 921 2821 putetis,
931 2742 1137 2818 Athenienses,
1148 2744 1254 2805 iisdem
1272 2746 1329 2807 de·

226 2832 329 2897 lectari
348 2834 435 2893 rebus
449 2842 480 2891 et
493 2831 659 2913 Philippum
673 2844 705 2894 et
721 2832 863 2913 populum
880 2836 954 2915 ejus,
967 2835 1015 2895 ille
1038 2836 1117 2896 enim
1133 2836 1257 2915 gloriam
1273 2858 1329 2918 ap·

225 2925 310 3007 petit¹
325 2944 447 3004 eamque
461 2944 520 2985 rem
535 2934 674 2997 sectatur,
693 2936 783 3005 atque
803 2924 929 2987 instituit
940 2926 1076 3006 gerendis
1093 2928 1181 2987 rebus
1201 2939 1235 2989 et
1251 2930 1329 3008 peri·

226 3017 301 3079 culis
321 3016 464 3079 adeundis
484 3016 595 3077 nullum
611 3036 713 3078 casum
732 3026 923 3090 recusarent
941 3017 1019 3077 hanc
1035 3018 1211 3097 opinionem,
1235 3029 1271 3079 ut
1290 3039 1329 3083 ea

225 3109 384 3191 mansisse
397 3108 511 3169 dicatur
524 3128 590 3190 qu·
603 3109 702 3171 nullus
715 3108 791 3170 alius
802 3108 1002 3171 Macedonum
1016 3128 1080 3182 rex,
1091 3109 1160 3170 vites
1174 3112 1327 3173 secmitati
1371 3183 1378 3195 ,

225 3200 393 3281 anteponit:
414 3200 452 3261 ad
472 3200 526 3261 hos
543 3221 612 3265 vero
625 3202 740 3263 illarum
752 3220 848 3261 rerum
862 3200 956 3280 gloria
967 3200 1040 3261 nihil
1057 3202 1172 3275 attinet,
1189 3203 1264 3283 quin
1277 3225 1327 3266 as·
1359 3214 1367 3219 ’

178 3367 181 3377 Ι
224 3292 316 3363 aiduis
325 3294 383 3355 illia
396 3312 512 3355 sursum
520 3293 657 3355 deorsum
670 3292 1002 3374 expeditiomhusattriti
1014 3293 1148 3354 molestia
1164 3293 1329 3365 afficiuntur

224 3402 257 3452 et
269 3391 413 3471 perpetuis
427 3392 563 3451 aerumnis
576 3399 727 3464 vexantur,
744 3389 840 3469 utqui
853 3407 911 3451 neo
926 3389 1063 3469 operibus
1080 3390 1251 3451 incumbere
1269 3411 1328 3454 nec

226 3482 413 3544 facultatibus
427 3482 487 3542 auis
500 3482 839 3562 fmiparmittuntur,nec
853 3490 966 3560 partam
975 3480 1241 3561 quomodocunque
1250 3502 1328 3562 prm-

227 3576 297 3641 dam
310 3572 447 3635 addicere
460 3575 582 3653 possint,
596 3573 703 3635 clausis
716 3584 834 3653 propter
842 3572 953 3635 bellum
966 3573 1171 3635 Macedonicis
1178 3574 1329 3653 emporiis.

225 3718 228 3729 .
267 3670 296 3727 7.
319 3666 476 3734 Quomodo
488 3668 575 3745 igitur
587 3665 693 3745 vulgus
708 3665 907 3727 Macedonum
921 3671 994 3745 erga
1006 3664 1175 3746 Philippum
1196 3668 1234 3727 sit
1254 3667 1327 3727 affe-

225 3770 318 3833 ctum,
332 3778 368 3819 ex
381 3758 427 3818 his
441 3758 526 3820 facile
551 3758 737 3837 intelligitur:
758 3756 810 3837 qui
824 3768 1013 3817 autem‘cum
1025 3777 1062 3819 oo
1075 3768 1229 3819 vereamur
1243 3776 1329 3838 pere-

225 3853 301 3934 grini
316 3852 421 3913 milites
434 3862 465 3913 et
477 3850 664 3931 phalangitae,
674 3851 839 3931 opinionem
850 3849 893 3909 illi
901 3850 1018 3929 quidem
1028 3851 1202 3924 excitarunt,
1220 3872 1254 3912 se
1273 3852 1328 3915 sd·

226 3943 373 4009 mirandos
384 3964 449 4005 esse
459 3962 495 4027 ac
506 3953 640 4006 sueonos
646 3942 813 4015 bellatores,
826 3941 881 4003 sed
897 3953 933 4002 ut
947 3960 1004 4022 ego
1018 3963 1036 4003 e
1050 3944 1179 4023 quodam
1186 3944 1217 4004 in
1225 3945 1329 4013 Mace-

224 4038 316 4099 donia
329 4047 399 4097 nato
411 4035 518 4107 audivi,
528 4026 646 4114 optime
662 4034 728 4095 fidei
741 4035 814 4106 rito,
827 4034 920 4095 nihilo
933 4044 1004 4095 sunt
1016 4034 1081 4095 aliis
1099 4038 1328 4119 praestantiores.

223 4128 305 4189 Nam
319 4130 343 4191 si
357 4129 423 4208 quis
436 4128 512 4187 inter
525 4128 591 4188 illos
605 4126 647 4187 vir
658 4128 697 4188 sit
709 4127 750 4185 rei
763 4126 895 4187 militaris
907 4137 940 4187 et
947 4128 1134 4187 cormaricum
1144 4130 1328 4208 peritus‚cos

224 4222 430 4301 omnesinquit
442 4220 529 4280 istum
544 4219 705 4299 cupiditate
717 4208 818 4299 glorie
827 4238 847 4279 a
859 4239 891 4280 se
902 4219 1061 4293 dimovere,
1073 4240 1141 4280 cum
1152 4222 1329 4285 omnisvelit
1355 4210 1360 4227 ⁸

166 4346 171 4357 ·
227 4313 356 4377 facinora
368 4313 458 4375 videri
468 4332 522 4375 sua
530 4323 741 4395 esse-praeter
753 4313 831 4375 enim
841 4322 949 4376 catera
958 4322 990 4374 et
1002 4312 1188 4376 ambitionem
1202 4314 1329 4382 hominis
