2934 5000
675 315 730 373 DE
750 313 930 374 CORONA.

725 557 882 616 TESTES.

292 699 457 748 Testimonium
479 699 600 761 perhibent
618 697 770 746 Demostheni
783 697 837 744 vice
855 695 953 744 omnium
967 695 1000 751 hi,
1021 693 1107 742 (lslliss
1129 693 1256 752 Suniensis,
1279 695 1348 742 zeno

262 775 396 838 Phlyeusis,
408 777 480 824 eleon
488 777 619 832 Pialeseus,
630 774 770 824 Demoninns
779 773 946 828 Marathonius,
954 772 1015 833 qaod
1024 786 1076 818 oum
1083 771 1243 833 populasolim
1252 771 1351 819 AEsehi·

262 867 314 900 mm
331 853 477 914 designssset
487 859 588 899 soterem
605 865 681 898 osusm
698 849 728 896 de
743 849 830 910 templo
847 849 943 896 Deliaco
957 848 1018 908 spad
1035 845 1219 908 Amphictycnss
1234 848 1350 902 dicende,

263 943 305 975 nos
315 928 338 974 in
349 943 462 976 conamen
474 928 602 974 assidentes
613 926 759 988 Hyperidem
771 926 897 987 digniorem
904 925 1060 998 indicarimus
1075 925 1114 986 qni
1125 939 1168 985 pro
1178 925 1275 972 cisitste
1285 927 1352 974 diee-

263 1013 307 1060 set,
316 1012 341 1052 et
351 1005 436 1054 missus
446 1011 485 1050 est
494 1003 639 1064 Hyperides.

303 1118 352 1174 43.
375 1116 451 1175 Cum
470 1115 556 1194 igitur
568 1115 656 1173 istum
669 1114 794 1174 civitatis
812 1133 929 1174 causam
940 1122 1071 1174 acturum
1084 1122 1202 1172 senatus
1214 1113 1349 1192 repudia-

265 1206 317 1275 vit,
332 1216 362 1267 et
375 1206 455 1265 alteri
469 1206 617 1283 negotium
629 1205 719 1274 dedit,
733 1216 805 1264 tunc
818 1215 848 1264 et
866 1205 1039 1283 proditorem
1054 1214 1084 1264 et
1095 1204 1239 1264 malevolo
1251 1206 1280 1264 in
1297 1225 1349 1264 vos

206 1307 210 1313 '
265 1317 330 1357 esse
343 1298 439 1356 animo
451 1297 658 1377 pronuntiavit.
701 1297 795 1355 Unam
811 1316 869 1354 rem
883 1296 995 1354 habetis
1011 1298 1048 1355 ab
1068 1296 1154 1356 heroe
1168 1296 1218 1356 illo
1232 1297 1349 1376 publice

266 1399 389 1466 gestam,
401 1390 436 1448 iis
448 1390 561 1466 quasin
571 1407 619 1448 me
629 1387 813 1466 reprehendit
825 1387 909 1448 valde
928 1387 1058 1458 similem,
1070 1388 1186 1446 nonne?
1202 1389 1264 1467 jam
1278 1389 1352 1448 alte-

264 1500 327 1540 ram
349 1483 379 1540 in
405 1481 570 1540 memoriam
592 1489 736 1540 revocate.
777 1481 844 1545 Quo
866 1488 992 1557 tempore
1015 1477 1165 1557 Philippus
1186 1479 1351 1559 Pythonem

266 1573 434 1653 Byzantium
449 1573 554 1632 Tichos
567 1573 655 1646 misit,
668 1583 757 1651 atque
770 1574 807 1631 ab
821 1573 953 1631 omnibus
965 1570 1050 1630 sociis
1065 1572 1125 1630 suis
1137 1570 1251 1650 legatos
1267 1573 1351 1632 simul

266 1668 424 1726 mittendos
438 1666 558 1737 curavit,
567 1676 706 1742 tanquam
720 1664 878 1742 ignominia
895 1661 1050 1723 effecturus
1064 1663 1209 1724 civitatem
1221 1677 1351 1724 nostram

266 1751 389 1835 eamque
407 1757 515 1835 injuste
536 1774 622 1832 agere
642 1765 821 1826 ostensurus,
842 1766 912 1815 tunc
926 1773 981 1832 ego
995 1753 1120 1834 Pythoni
1133 1755 1305 1816 insolentius
1319 1777 1352 1816 se

262 1848 386 1928 jactanti
401 1856 430 1905 et
444 1847 554 1924 ingenti
575 1846 695 1904 flumine
713 1854 816 1904 contra
838 1865 889 1905 vos
911 1846 1056 1905 invehenti
1077 1865 1134 1905 non
1158 1846 1233 1906 cessi
1255 1866 1352 1926 neque

266 1938 371 2018 pedem
383 1937 476 2009 retuli,
487 1937 539 1997 sed
548 1937 657 1997 surrexi
666 1947 825 2014 contraque
839 1937 908 2008 disi,
921 1936 1043 1996 civitatis
1058 1929 1153 1998 autem
1160 1939 1228 2018 jura
1238 1957 1352 2016 nequa-

266 2048 354 2107 quam
371 2027 494 2108 prodidi,
508 2030 561 2088 sed
575 2028 740 2107 Philippum
755 2028 902 2108 injustitiae
915 2030 1034 2106 coargui
1057 2049 1150 2107 usque
1171 2031 1244 2090 adeo
1258 2031 1352 2088 mani-

265 2121 348 2193 feste,
362 2132 395 2180 ut
415 2121 469 2200 ipsi
490 2119 566 2180 iilius
583 2121 654 2181 socii
672 2122 750 2180 ultro
763 2134 951 2200 exsurgerent
963 2139 996 2180 ac
1008 2122 1185 2182 faterentur:
1207 2133 1237 2182 at
1250 2123 1305 2182 iste
1317 2125 1351 2181 iis

267 2213 463 2290 patrocinatus
473 2224 528 2284 est,
541 2224 572 2272 et
584 2212 779 2273 testimonium
793 2212 865 2271 dixit
879 2223 981 2272 contra
991 2213 1124 2290 patriam,
1133 2213 1221 2293 idque
1234 2215 1350 2274 falsum.

268 2305 371 2383 Neque
383 2306 447 2365 haec
457 2306 484 2366 ei
499 2307 568 2366 satis
581 2317 674 2378 erant,
687 2305 742 2364 sed
755 2306 857 2364 iterum
872 2316 975 2384 postea
988 2323 1056 2366 cum
1069 2306 1205 2366 Anaxinc
1219 2307 1351 2386 explora-

266 2409 328 2458 tore
344 2400 374 2456 in
386 2400 542 2461 'l'nrasonis
559 2399 670 2459 sedibus
690 2415 864 2476 congressus
878 2398 1109 2476 deprehenditur.
1150 2399 1239 2479 Atqui
1251 2402 1300 2479 qui
1315 2401 1352 2458 ab

266 2491 399 2551 hostibus
421 2492 541 2552 missum
561 2493 753 2568 speculatorem
774 2491 855 2550 solus
882 2491 975 2550 solum
990 2493 1178 2553 conveniebat
1192 2506 1302 2553 etcum
1316 2512 1352 2551 eo

268 2604 413 2644 sermones
426 2586 601 2656 conserebat,
615 2586 640 2642 is
651 2585 712 2663 ipse
721 2584 993 2662 naturaexplorator
1006 2585 1154 2663 hostisque
1167 2596 1229 2645 erat
1241 2586 1352 2664 patries.

269 2676 363 2753 Atque
377 2686 410 2734 nt
421 2694 489 2734 vera
511 2694 558 2734 me
574 2676 638 2735 haec
652 2674 747 2735 dicere
760 2686 908 2755 appareat,
923 2675 1047 2737 nitentur
1061 2677 1129 2736 mihi
1142 2696 1242 2737 eanum
1254 2696 1350 2738 rerum

271 2776 371 2825 testes.

732 2952 894 3013 TESTES.

303 3075 446 3123 hleledemns
456 3076 548 3123 Cleonis
559 3076 628 3132 tilius,
648 3078 781 3140 Hyperides
792 3082 932 3136 Csllmschri,
950 3082 1105 3130 Nicomachus
1123 3080 1257 3143 Diophsnti,
1273 3082 1353 3129 testifi-

271 3159 351 3197 cantur
368 3152 517 3199 Demostheni
534 3160 559 3198 et
573 3154 722 3212 jurejurando
735 3172 812 3203 corsm
833 3158 947 3219 Strstegis
966 3158 1086 3213 sffirmsnt,
1104 3158 1163 3205 scire
1178 3172 1203 3205 se
1219 3158 1353 3205 AEsolrinem
1370 3182 1374 3189 =

271 3227 385 3275 Atrosseti
397 3228 575 3275 teothoeidem
586 3235 656 3275 noctu
669 3228 694 3275 in
704 3232 769 3278 mdes
777 3232 903 3281 'l'nrssonis
915 3234 982 3280 simul
991 3234 1100 3281 introisse
1108 3241 1132 3280 et
1143 3248 1261 3281 sermones
1272 3240 1354 3282 eontu-

270 3303 326 3351 lisse
337 3318 389 3352 onm
398 3304 512 3361 Asssiso,
524 3306 563 3367 qai
573 3306 707 3365 explorator
716 3306 807 3356 hsbitss
818 3316 855 3357 est
869 3324 884 3356 s
905 3308 1014 3372 Philippo
1031 3311 1125 3359 missus.
1157 3310 1229 3359 Dicte
1238 3318 1294 3359 sunt
1303 3312 1354 3359 nee

271 3380 403 3427 testimonis
413 3382 531 3429 Asohoste
542 3381 616 3437 Nicia,
626 3382 830 3433 Hecatombseonis
838 3384 877 3433 die
886 3385 966 3434 tertio.

227 3508 232 3518 ¹
311 3494 360 3547 44.
383 3492 497 3552 infinita
515 3493 700 3572 aliaquaede
720 3496 775 3555 isto
798 3514 914 3576 possem
928 3496 1025 3558 dicere
1038 3498 1236 3577 praetermitto.
1278 3498 1355 3559 Nam

272 3582 310 3639 ad
322 3582 400 3641 hunc
408 3585 467 3643 fere
480 3586 597 3645 modum
611 3606 644 3646 sa
656 3586 774 3648 habent.
815 3589 914 3650 Multa
926 3590 1043 3669 quidem
1056 3610 1112 3669 ego
1125 3610 1202 3652 nunc
1215 3602 1355 3672 praeterea

271 3690 387 3754 possem
399 3676 480 3735 vobis
493 3679 656 3749 ostendere,
670 3680 775 3758 quibus
789 3680 837 3740 ille
851 3700 902 3760 per
920 3700 956 3740 ea
974 3692 1105 3762 tempora
1117 3683 1249 3743 hostibus
1264 3684 1355 3743 inser-

270 3766 340 3839 vire,
353 3786 456 3842 tneque
466 3768 630 3845 petulantiis
643 3771 776 3831 insectari
786 3784 949 3851 compertus
969 3784 1024 3834 est.
1067 3774 1127 3833 Sed
1139 3794 1175 3834 ee
1188 3793 1239 3833 vos
1257 3794 1357 3853 neque

271 3858 422 3936 diligentes
443 3860 587 3917 memoriae
609 3860 755 3920 mandatis
776 3882 871 3941 neque
884 3884 920 3924 ea
933 3884 991 3944 qua
1004 3867 1193 3926 conveniebat
1206 3866 1358 3927 iracundia

243 3976 250 3988 ι
269 3949 483 4029 prosequimini,
496 3950 566 4027 quin
585 3969 675 4027 prava
687 3954 815 4029 quadam
835 3956 1043 4016 consuetudine
1064 3958 1179 4036 plenam
1194 3962 1257 4033 jam
1271 3958 1355 4017 cuili-

272 4045 323 4102 bet
334 4043 478 4103 licentiam
487 4042 655 4120 permisistis
669 4062 736 4101 eum
750 4045 953 4123 supplantandi
967 4060 998 4108 et
1009 4050 1204 4110 calumniandi
1212 4050 1260 4127 qui
1274 4048 1357 4109 dicat

272 4133 381 4215 aliquid
402 4154 420 4193 e
441 4154 472 4193 re
491 4143 597 4204 vestra,
620 4133 741 4193 civitatis
763 4138 915 4196 commoda
934 4158 1000 4198 com
1026 4140 1171 4219 voluptate
1190 4150 1220 4200 et
1241 4138 1356 4199 deliciis

273 4244 339 4301 qun
352 4246 389 4285 ex
401 4224 603 4287 maledicentis
615 4225 812 4304 percipiuntur
825 4240 1044 4291 commutantes.
1086 4233 1266 4312 Quapropter
1280 4232 1356 4292 saci·

271 4312 328 4372 lius
342 4334 454 4396 semper
467 4328 498 4377 et
510 4318 600 4378 tutius
611 4327 657 4377 est
669 4317 800 4379 hostibus
817 4321 1018 4383 inservientem
1031 4325 1240 4387 conductitium
1254 4344 1353 4406 agere,

272 4422 356 4481 quam
371 4419 521 4487 susceptas
535 4412 563 4468 in
576 4431 632 4487 rep.
646 4429 697 4491 pro
710 4412 792 4473 vobis
805 4423 901 4493 partes
916 4413 1123 4477 administrare.
