2934 5000
237 261 297 318 262
473 257 530 352 DE
552 257 671 318 MALE
691 255 825 318 GESTA
846 249 1098 312 LEGATIONE.

630 449 947 562 'nnsrrmonruin

277 633 327 705 53.
350 639 485 711 Quibus
478 643 567 723 igitur
579 643 663 703 melis
677 653 707 704 et
721 643 848 730 negotiis
862 630 976 699 inloto
994 629 1095 696 itinere
1112 627 1167 694 sim
1185 626 1354 693 condicta

139 715 142 720 ¹
239 745 299 808 tus,
310 735 431 797 vidistis.
473 736 552 802 Quid
567 737 644 796 enim
665 755 715 796 eos
729 735 789 795 illic
808 733 915 793 fecisse
928 723 1047 811 putatis,
1062 727 1132 787 dum
1145 744 1238 805 prope
1251 725 1357 804 largi·-
1450 728 1451 767 ³

239 828 332 888 torem
357 841 468 901 essent,
481 847 546 888 cum
563 828 726 888 sidentibus
741 827 835 899 robis,
847 825 897 904 qui
917 817 1048 883 habendi
1069 813 1199 887 honoris,
1222 821 1352 876 contra·

240 929 297 998 que
312 919 477 998 irrogandis
490 921 606 980 mulctoe
622 930 769 999 potestate
783 915 920 986 valetiss
911 929 969 974 rste
981 907 1156 990 designent?
1179 909 1214 967 ln
1227 920 1352 966 summa
1450 972 1451 985 χ

240 1010 328 1089 igitur
351 1011 449 1090 capite
473 1011 666 1072 accusationis
686 1013 722 1070 eb
741 1010 822 1070 initio
846 1001 996 1086 colligam,
1011 1014 1045 1063 ut
1057 1014 1093 1062 es
1105 1019 1151 1060 me
1170 1000 1350 1081 prestitisse

242 1103 435 1162 demonstrem
439 1124 528 1183 ,qum
547 1105 577 1162 in
599 1103 741 1183 principio
758 1101 905 1171 orationis,
919 1110 966 1158 me
980 1092 1063 1155 robis
1078 1104 1265 1153 ostensurum
1279 1112 1351 1151 esse

242 1210 308 1260 snm
320 1194 475 1274 pollicitus.
512 1193 716 1254 Demonstrati
730 1207 797 1252 eum
807 1181 878 1249 mhi
888 1187 1076 1248 renunciasse
1092 1181 1163 1254 seri,
1176 1184 1231 1243 sed
1242 1179 1350 1242 l'ucum

241 1281 602 1364 fecissevobis,ipsa1um
624 1301 720 1344 rerum
742 1297 802 1342 non
815 1283 969 1343 verborum
991 1272 1166 1338 testimoniis
1181 1295 1271 1335 usus:
1292 1271 1350 1333 de-

196 1446 198 1454 ,
242 1371 412 1453 monstravi,
427 1393 494 1440 eum
507 1379 537 1438 in
556 1397 646 1439 cansa
659 1377 763 1454 fuisse,
775 1397 814 1436 ne
826 1394 879 1435 vos
894 1393 962 1433 vers
980 1391 1018 1432 ex
1041 1392 1087 1430 me
1107 1369 1208 1430 andire
1222 1367 1351 1438 velletis,

243 1479 305 1531 tum
328 1469 409 1532 istius
428 1471 577 1551 promissis
606 1481 636 1531 et
658 1467 918 1572 pollicitationibus
941 1464 1085 1544 occupati,
1109 1480 1176 1521 cum
1203 1461 1229 1520 is
1249 1461 1351 1520 omnia

245 1573 348 1624 contra
360 1581 448 1646 quem
462 1564 591 1643 oportuit
603 1562 755 1633 suasisset,
769 1570 800 1620 et
813 1559 959 1619 sociorum
980 1557 1157 1634 refragatum
1182 1572 1249 1612 esse
1270 1551 1351 1631 psci,

246 1650 448 1716 Philocraticae
463 1653 672 1759 suffragatum:
694 1663 827 1731 tempora
846 1650 1030 1722 contrivisse,
1043 1658 1077 1706 ut
1100 1666 1155 1704 nec
1176 1645 1202 1704 si
1221 1644 1350 1716 velletis,

245 1747 371 1824 possetis
386 1747 510 1805 educere
526 1745 626 1826 copias
641 1746 671 1803 in
694 1743 873 1804 Phocidem:
895 1753 925 1802 et
942 1742 999 1802 alis
1019 1739 1113 1799 multa
1136 1748 1167 1798 et
1186 1735 1298 1798 atrocia
1319 1736 1350 1794 in

246 1839 347 1898 itinere
373 1839 570 1898 commisisse.
590 1836 755 1918 prodidisse
777 1836 893 1896 omnia.
915 1832 1098 1894 vendidisse:
1119 1829 1266 1909 accepisse
1280 1849 1351 1889 mu-

248 1947 338 1988 nera:
360 1929 474 1988 nullum
498 1929 660 2009 praeterisse
677 1929 868 2008 improbitatis
889 1946 993 2006 genus.
1035 1923 1131 1984 Hoec
1123 1923 1209 2003 igitur
1222 1922 1252 1981 in
1265 1920 1350 2002 prin-

248 2015 324 2099 cipio
340 2017 469 2100 promisi,
485 2018 550 2081 hmo
561 2019 768 2082 demonstravi.

290 2109 342 2169 54.
364 2109 432 2171 Jam
446 2111 517 2190 qnd
540 2109 683 2191 reliquum
697 2107 745 2182 sit,
758 2110 871 2180 ridelc3
894 2108 1017 2192 simplex
1036 2105 1113 2170 enim
1132 2097 1318 2187 es't'qnoer
1279 2107 1349 2168 mriri

247 2197 308 2280 jam
323 2203 474 2263 vobiscum
491 2204 546 2264 erit
567 2206 670 2266 oratio.
711 2205 840 2266 durastis
854 2224 906 2263 vos
926 2204 1171 2283 pronunciatums
1182 2219 1223 2261 ex
1235 2202 1349 2281 leglbus

251 2303 282 2353 et
300 2293 471 2373 plebiscitis,
493 2307 523 2356 et
546 2296 672 2357 decretis
698 2307 817 2357 senatus
840 2297 1082 2400 quingeptorum.
1105 2303 1222 2354 constat
1241 2303 1350 2364 autem,

250 2386 339 2446 istum
352 2387 449 2447 omnia
462 2387 606 2448 contraria
614 2389 737 2468 legibus
746 2387 880 2460 decretis,
889 2381 1045 2446 institutis'
1038 2409 1066 2446 ιι
1075 2387 1223 2465 legatione
1232 2386 1348 2446 iecisse

253 2473 351 2538 Eum
342 2477 429 2559 igitur
442 2478 633 2539 condemnari
647 2481 784 2539 convenit
803 2499 821 2538 a
834 2477 962 2539 cordatis
970 2473 1131 2559 judicibus.
1173 2478 1290 2538 Nam
1267 2499 1291 2538 ιι
1305 2479 1349 2539 ni·

251 2566 293 2628 hil
307 2570 387 2629 aliud
404 2571 608 2643 commisisset,
623 2570 683 2628 duo
708 2580 806 2630 tamen
825 2572 888 2651 ejus
914 2570 1044 2652 facinora
1065 2583 1158 2632 morte
1180 2572 1350 2631 mulctanda

252 2674 359 2722 essent.
402 2662 505 2743 Neque
521 2660 596 2722 enim
611 2657 781 2721 Phocenses
794 2672 920 2733 tantum,
941 2662 993 2721 sed
1016 2672 1047 2721 et
1058 2658 1210 2721 'llrracram
1225 2660 1352 2741 prodidit

253 2752 401 2831 Philippo:
439 2754 479 2813 At
499 2753 559 2813 duo
577 2754 645 2813 loca
668 2752 784 2813 utiliora
803 2752 991 2833 reipublicse
984 2770 1015 2811 ιι
1028 2756 1097 2812 orbe
1111 2764 1251 2813 terrarum
1265 2770 1350 2814 nemo

253 2842 347 2924 possit
356 2844 541 2916 ostendere
533 2865 562 2903 ιι
576 2855 664 2917 terra,
674 2838 766 2925 Pyhs
778 2844 1004 2925 Hellesponto,
996 2860 1026 2903 ιι
1041 2846 1130 2905 mari:
1152 2855 1349 2925 qnaeutreque

254 2932 301 2994 isti
319 2934 462 3013 flagitiose
485 2934 689 3008 vendiderunt,
714 2946 744 2996 et
768 2944 866 2997 vestro
893 2938 971 2996 malo
998 2934 1134 3016 Philippo
1162 2936 1349 2997 tradiderunt.

258 3026 357 3086 illud
350 3039 445 3117 rpstrm
459 3026 556 3107 igitur,
578 3038 685 3109 proeter
706 3039 814 3103 cetera,
825 3040 966 3109 quantum
981 3030 1077 3088 scelus
1092 3040 1147 3104 est,
1160 3028 1312 3089 Thraciam
1321 3042 1351 3090 et

256 3118 359 3179 Muros
373 3110 556 3213 prodidisse?
579 3118 698 3181 Infinita
718 3117 776 3181 dici
797 3132 927 3200 possent,
946 3140 1033 3199 quam
1053 3119 1136 3180 multi
1155 3123 1351 3201 proptertalia

255 3206 386 3275 facinora
400 3215 486 3275 etiam
500 3214 645 3275 interfecti
658 3215 716 3274 sint
727 3211 807 3295 apud
821 3229 884 3286 vos,
898 3208 973 3275 alios
989 3226 1088 3275 autem
1103 3232 1210 3294 magns
1223 3236 1288 3276 esse
1300 3237 1349 3295 pe·

257 3308 344 3368 cunia
357 3308 521 3381 mulctatos,
536 3319 657 3369 ostensu
680 3326 740 3366 non
763 3317 810 3367 est
829 3303 960 3374 difficile;
983 3317 1017 3366 ut
1031 3303 1232 3387 Ergophilnm,
1247 3304 1350 3387 Cephi-

258 3399 405 3472 sodotum,
419 3401 659 3463 Timomachum:
681 3413 714 3461 nt
727 3400 797 3460 olim
811 3400 967 3479 aliquando
982 3398 1147 3492 Ergoclem,
1168 3398 1349 3481 Dionysium,

260 3488 343 3561 elios,
358 3510 431 3568 quos
446 3492 597 3554 universos
610 3514 712 3573 parum
727 3494 811 3569 abest
825 3493 894 3572 quin
920 3492 1015 3553 dicam
1039 3493 1135 3551 minus
1155 3512 1243 3571 quam
1266 3494 1350 3553 istum

259 3581 393 3639 nocuisse
407 3581 584 3659 reipublice.
627 3584 704 3644 Nam
727 3604 763 3645 eo
785 3596 924 3665 tempore,
939 3584 1147 3657 Athenienses,
1161 3584 1351 3689 perieulavos

260 3672 417 3733 etiamnum
430 3672 551 3731 consilio
565 3677 711 3736 cavebatis
724 3688 755 3736 et
774 3676 1014 3757 prospiciebatis.
1036 3698 1125 3752 nunc,
1140 3676 1196 3737 nisr
1189 3678 1290 3755 'quod
1302 3698 1350 3738 sos

259 3764 389 3847 quotidie
402 3774 499 3835 vexat,
515 3778 545 3823 et
558 3770 712 3845 presentia
721 3788 775 3828 sua
788 3768 928 3829 molestus
937 3768 1036 3839 afficrt
1049 3770 1207 3849 negligitis.
1249 3770 1352 3831 Postea

259 3860 368 3919 frustra
389 3858 437 3917 hic
452 3858 616 3931 decernitis,
631 3871 661 3920 et
675 3860 873 3940 Cersohleptae
889 3880 906 3919 a
920 3860 1057 3940 Philippo
1075 3862 1206 3921 dandum
1219 3882 1284 3922 esse
1292 3862 1352 3941 jus-

257 3949 426 4033 jurandum,
441 3958 472 4008 et
486 3948 621 4030 Philippo
636 3970 696 4010 non
711 3950 841 4011 dandum
852 3972 916 4011 esse
930 3951 1111 4013 locuminter
1119 3952 1352 4033 Amphictyones,

262 4053 293 4103 et
306 4060 408 4123 pacem
420 4058 483 4102 esse
498 4040 710 4123 corrigendam.
727 4044 857 4108 Quorum
868 4042 1051 4103 decretorum
1061 4042 1143 4104 nullo
1156 4045 1261 4104 suisset
1274 4064 1351 4124 opus,

224 4136 287 4193 si
309 4135 446 4214 navigare
467 4134 533 4203 iste,
555 4144 585 4193 et
607 4134 704 4195 officio
726 4133 810 4212 fungi
834 4134 990 4196 voluisset·
1011 4156 1089 4196 nunc
1109 4156 1176 4216 quse
1197 4134 1354 4215 narignndo

147 4300 158 4307 -
263 4244 433 4285 conservare
457 4226 632 4305 potuissent,
659 4246 695 4286 es
716 4224 817 4284 dum
809 4246 850 4286 rre
868 4227 964 4305 jubet,
982 4228 1122 4308 perdidit,
1145 4248 1221 4308 quse
1236 4226 1354 4289 dicende

265 4316 397 4388 veritate,
411 4318 588 4378 mentiendo.
