2934 5000
206 317 210 326 ¹
240 385 243 396 Ι
369 293 426 356 DE
448 295 712 358 RHODIORUM
733 293 976 360 areanum.
1164 301 1219 360 141

135 453 259 514 sonam
272 461 399 514 varrum
412 453 585 517 consueras.
617 451 960 536 Dequbusigiturtuitt
980 451 1228 534 enmlibstspo-

134 545 211 625 pulis
224 555 276 606 sut
286 555 403 626 propter
414 547 541 628 privatas
554 545 775 618 controversias,
789 565 857 627 quas
868 546 962 606 dirimi
971 545 1087 625 publice
1100 563 1158 606 non
1170 565 1225 626 po-

134 645 262 711 tuerunt,
283 649 334 699 aut
354 657 406 718 pro
426 651 508 719 parte
527 657 659 718 agrorum
674 651 726 700 aut
739 637 777 698 de
789 640 895 699 finibus
909 648 960 698 aut
971 646 1089 716 propter
1107 648 1226 700 conten·

134 729 243 790 tionem
261 731 378 791 honoris
393 741 445 791 aut
457 732 495 791 de
508 731 671 813 principatu
684 751 692 790 s
713 749 780 790 oum
793 740 939 811 potestate
951 747 1110 809 paucorum
1123 727 1161 787 de
1172 730 1227 792 ba·

132 839 197 881 rum
211 841 307 882 rerum
320 823 411 894 nulla,
425 823 478 882 sed
491 823 531 884 de
543 823 708 903 reipublice
717 823 812 882 forma
818 833 851 882 et
857 823 1000 882 libertate.
1042 821 1227 900 Quapropter

83 975 86 982 Δ
134 933 191 994 ego
206 916 323 994 quidem
338 927 418 976 certe
431 909 528 975 dicere
540 933 601 974 uon
617 915 758 986 dubitem,
767 915 867 974 utilius
879 915 970 975 videri
982 913 1062 984 mihi,
1083 922 1116 972 ut
1129 913 1227 976 ursei

134 1025 236 1067 omnes
250 1007 383 1087 populari
396 1015 476 1072 statu
489 1015 606 1066 utentes
619 1007 771 1066 nobiscum
783 1006 966 1083 belligerent,
974 1023 1063 1083 quam
1073 1015 1226 1084 utpaoco·

133 1118 196 1160 rum
210 1099 329 1180 imperio
351 1100 473 1176 subjecti
488 1109 617 1160 uosbam
639 1097 793 1157 amicitiam
814 1097 930 1158 colant:
951 1115 1018 1156 cum
1031 1096 1130 1156 liberis
1149 1097 1227 1156 enim

133 1211 237 1271 pacem
256 1211 320 1266 vos,
334 1193 569 1272 quandocunque
590 1189 746 1261 volueritis,
760 1207 820 1250 non
841 1188 993 1248 difficulter
1010 1207 1076 1248 esse
1096 1188 1227 1250 facturos

134 1283 273 1352 arbitrors
294 1295 326 1344 at
342 1303 410 1344 cum
424 1284 536 1355 iisdem,
550 1285 574 1344 si
587 1301 747 1363 paucorum
768 1291 909 1361 regantur
926 1281 1053 1358 arbitrio,
1066 1301 1105 1341 ns
1126 1283 1226 1342 amici·

133 1376 203 1452 riam
214 1375 333 1453 quidem
343 1375 432 1436 fldem
444 1377 505 1435 fore
518 1385 607 1455 puto:
628 1373 709 1434 nullo
718 1376 796 1433 enim
808 1373 897 1432 modo
910 1371 972 1430 fieri
985 1383 1094 1450 potest,
1101 1382 1135 1431 ut
1140 1374 1227 1452 pauci

132 1467 233 1526 multis
246 1479 335 1546 atquo
348 1467 425 1528 avidi
438 1468 548 1547 imperii
561 1467 737 1546 equalitatis
752 1466 891 1526 studiosis
903 1467 979 1524 bene
993 1464 1095 1523 velint.

175 1559 205 1616 9.
227 1559 320 1618 Miror
333 1568 441 1631 autern,
461 1558 606 1618 neminem
618 1569 749 1618 vestrum
766 1557 940 1627 existimare,
952 1556 977 1614 si
990 1554 1057 1613 Chii
1070 1573 1228 1634 paucorum

134 1659 279 1736 potestate
287 1661 427 1731 regantur
437 1661 468 1710 ot
482 1651 644 1732 Mitylenaei
658 1659 689 1710 st
698 1668 779 1709 nunc
793 1649 911 1720 Rhodii,
924 1658 1012 1727 atqua
1026 1665 1128 1707 omnes
1137 1665 1228 1726 prope

133 1743 254 1804 dixerim
267 1743 399 1804 homines
423 1743 501 1803 illius
521 1743 666 1804 serribrtis
686 1742 791 1822 jugum
813 1743 948 1813 subeant,
967 1733 1094 1800 reanum
1112 1757 1228 1819 quoque

135 1837 343 1917 rempublicam
354 1837 384 1896 in
398 1835 496 1914 aliquo
510 1836 571 1896 lore
578 1834 718 1916 periculo,
731 1853 827 1913 neque
839 1832 980 1913 cogitare,
992 1833 1102 1912 passim
1111 1831 1228 1911 Oligar-

133 1928 205 1988 cbiis
214 1929 429 2002 iustimtis,non
436 1947 523 2009 posse
531 1926 751 2008 fieri,utp0puli
759 1925 1010 2005 dominatusapud
1019 1943 1074 1985 nos
1081 1925 1228 2003 relinqua·

134 2029 198 2078 tur:
220 2022 318 2080 sciunt
328 2021 407 2080 enim
425 2021 522 2082 nullos
541 2021 612 2080 alios
625 2039 725 2079 rursus
739 2019 770 2077 in
782 2019 945 2078 libertatem
959 2037 1006 2077 res
1017 2017 1227 2078 vindicaturos.

30 2115 34 2122 '
136 2110 223 2170 Unde
236 2111 324 2189 igitur
336 2109 485 2170 imminere
499 2111 552 2170 sibi
566 2111 725 2188 periculum
739 2109 975 2186 providentem
988 2109 1114 2170 emedio
1127 2111 1227 2170 subla·

134 2213 182 2263 tos
196 2202 301 2264 solent.
343 2201 469 2262 Proinde
489 2203 597 2273 caeteri,
615 2200 665 2279 qui
686 2200 830 2277 aliquibus
842 2199 976 2277 injuriam
993 2200 1114 2270 faciunt,
1127 2218 1226 2260 eorum

133 2295 262 2374 ipsorum
275 2293 480 2372 quilssduntur
490 2292 589 2352 hostes
603 2290 724 2371 putandi
737 2299 816 2362 sant,
829 2291 993 2367 rerumpub.
1009 2299 1227 2350 autemererso·

133 2407 184 2446 ras
199 2385 418 2466 paucorumque
432 2381 571 2462 potentie
584 2383 803 2451 constitutores,
812 2398 983 2439 communes
993 2379 1093 2439 hostes
1102 2380 1229 2442 omnium

132 2497 233 2539 eorum
246 2479 352 2558 quibus
362 2475 482 2537 libertas
497 2473 577 2537 cordi
588 2484 642 2548 est,
653 2493 699 2536 me
718 2473 837 2554 quidem
856 2479 986 2546 auctore,
996 2471 1226 2553 judicabunturr

134 2570 239 2631 deinde
256 2588 374 2650 equum
397 2569 484 2629 etism
501 2578 556 2641 est,
570 2579 604 2627 ut
627 2586 690 2640 ros,
703 2566 754 2644 qui
775 2566 877 2647 populi
897 2566 1068 2625 auctoritate
1090 2566 1146 2645 ipsi
1164 2566 1228 2645 regi

133 2661 230 2735 mltis,
244 2662 286 2722 sie
299 2662 329 2721 in
339 2660 523 2722 calamitosos
533 2658 658 2740 populos
672 2658 792 2719 animati
804 2678 869 2718 esse
879 2657 1045 2729 rideamini,
1061 2669 1095 2717 ut
1106 2658 1178 2718 alios
1191 2658 1228 2723 in
1332 2725 1335 2727 v

133 2774 186 2815 vos
195 2772 261 2815 esse
273 2755 417 2815 animatos
426 2754 547 2825 velletis,
560 2752 723 2831 siquando,
737 2748 818 2831 quod
825 2750 877 2810 Dii
884 2749 1070 2829 prohibeant,
1076 2750 1137 2811 tale
1143 2750 1227 2831 quip-

133 2847 211 2926 piam
223 2847 397 2909 meidisset:
419 2846 566 2908 enimvero
579 2846 670 2924 siquis
693 2844 782 2918 dicat,
794 2843 898 2904 merito
912 2843 1046 2904 Rhodios
1062 2844 1160 2923 plecti,
1173 2846 1227 2903 mi-

135 2940 210 3000 nime
223 2950 388 3021 opportuna
396 2958 529 3019 presens
539 2936 934 3008 occssioadhmcdicendas
954 2937 1060 3014 quibua
1067 2937 1144 2997 enim
1155 2936 1226 2996 For·
1358 2978 1363 2985 -

133 3040 207 3093 tuna
216 3033 347 3093 munus
360 3042 415 3104 est,
427 3032 458 3091 bi
470 3030 649 3091 calamitosis
662 3040 805 3110 perpetuo
817 3031 926 3109 optime
939 3028 1095 3089 consulere
1108 3029 1226 3101 debent,

134 3142 202 3183 cum
215 3140 302 3181 nemo
315 3122 444 3181 omnium
456 3122 632 3195 mortalium,
642 3122 713 3200 quid
727 3122 767 3182 sit
776 3123 907 3181 futurum
918 3122 1101 3201 exploratum
1109 3122 1226 3182 babeat.

177 3216 226 3272 10.
246 3212 344 3290 Atque
354 3230 409 3291 ego
423 3232 501 3291 sape
513 3212 561 3271 bic
575 3213 654 3291 apud
667 3232 721 3272 vos
740 3210 1001 3273 commemorantes
1014 3212 1156 3289 quosdam
1174 3230 1227 3271 au·

133 3304 195 3375 dio,
210 3322 279 3364 eum
299 3313 399 3363 nostra
412 3306 480 3363 urbs
500 3302 613 3363 cladem
635 3304 806 3382 accepisset,
819 3312 953 3364 auctores
969 3302 1063 3362 fuisse
1081 3303 1225 3382 quosdam

132 3398 196 3476 ejus
209 3394 436 3457 conservandae:
457 3416 474 3455 e
490 3394 595 3473 quibus
609 3414 666 3473 ego
679 3394 854 3473 Argivorum
866 3394 1012 3454 duntaxat
1022 3394 1054 3453 ln
1072 3398 1228 3475 prmsentia

132 3490 250 3551 brevem
263 3486 439 3548 mentionem
448 3486 563 3547 faciam
603 3484 702 3545 Nolim
716 3494 814 3545 autem
823 3486 1173 3571 nos,quorumcelebrata
1182 3500 1227 3549 est

132 3592 274 3663 perpetua
285 3581 317 3640 in
330 3580 449 3641 afflictos
462 3580 664 3651 beneficentia,
677 3578 836 3638 deteriores
848 3578 906 3639 bac
918 3578 947 3637 iu
956 3589 1040 3659 parto
1054 3580 1169 3660 Argivis
1182 3581 1225 3643 vi.

133 3676 205 3747 deri,
217 3674 267 3752 qui
280 3692 347 3733 eum
361 3673 391 3733 in
402 3672 687 3733 lacedemoniorum
696 3670 801 3731 ricinia
807 3670 984 3741 babitarent,
993 3671 1183 3753 viderentque
1190 3674 1226 3734 il·

133 3766 176 3827 los
188 3775 266 3827 terra
274 3764 404 3844 marique
410 3764 563 3837 dominari,
571 3784 629 3824 non
643 3764 814 3837 dubitarunt
828 3784 883 3825 nee
896 3764 979 3825 veriti
992 3775 1061 3827 sunt
1072 3767 1224 3827 ostendere

132 3876 216 3919 suam
228 3876 299 3937 erga
310 3876 363 3917 ros
376 3856 625 3925 benevolentiam
647 3856 700 3916 sed
722 3865 755 3917 et
774 3856 887 3936 legstos
898 3857 1108 3919 laoedamom
1125 3857 1222 3936 prote-

131 3959 206 4023 ctos,
214 3948 425 4028 postulaturos,
432 3958 467 4009 ut
478 3950 585 4023 terunt,
594 3948 632 4009 ad
643 3967 745 4028 poenas
757 3949 900 4029 quosdam
911 3960 1070 4010 vestrorum
1079 3948 1223 4024 emulum,

131 4041 328 4114 decreverunt,
341 4042 448 4103 uiants
459 4041 528 4111 solis
538 4058 672 4101 ocmsum
685 4042 886 4113 mcessissent,
894 4040 1021 4101 hostium
1033 4040 1100 4099 loco
1112 4040 1222 4100 baben-

133 4133 196 4195 dos.
237 4132 307 4193 Non
317 4132 407 4212 igitur
425 4144 508 4214 turpe
521 4134 619 4208 luerit,
628 4132 835 4219 Athenienses,
847 4152 914 4194 cum
928 4132 1105 4211 Argivorum
1114 4131 1220 4213 vulgus

132 4242 192 4283 non
212 4224 345 4286 metuerit
359 4225 644 4287 lacedemoniorum
667 4225 818 4305 imperium
839 4224 896 4283 illis
917 4221 1096 4301 temporibus
1107 4234 1159 4284 sut
1169 4244 1222 4305 po-

132 4317 260 4391 tentiam,
273 4338 326 4380 vos
336 4317 387 4399 qui
397 4319 592 4380 Athenienses
602 4318 664 4377 sitia
673 4317 834 4379 Barbarum
842 4314 989 4375 bominem
997 4312 1044 4373 vel
1050 4315 1147 4394 potins
1156 4336 1221 4378 mu-

131 4407 230 4473 lieren
242 4408 417 4497 formidaret?
436 4410 594 4491 prasertim
607 4418 698 4487 quum
715 4410 756 4470 illi
777 4427 858 4487 ssspe
866 4427 900 4467 se
912 4404 1004 4468 victos
1017 4426 1084 4470 esse
1097 4428 1117 4468 a
1130 4408 1220 4471 Laco·
