2934 5000
499 225 897 311 mercennarium
1227 235 1267 294 ιι
1387 275 1396 292 .
1429 278 1433 289 .

162 383 267 447 torem,
277 383 308 437 et
321 395 409 440 unam
422 395 487 444 erse
501 383 643 446 raconem
657 384 783 448 eundem
798 383 1005 465 aucupandi
1014 391 1046 444 et
1057 383 1185 448 Manet
1196 404 1266 465 quse

159 475 308 547 oporteat:
323 482 481 532 umectam
492 474 533 536 ita
541 483 662 548 temere,
673 478 904 537 oumresnullu
916 475 1036 556 gsmtls,
1046 479 1203 556 pecuniam
1213 497 1263 539 ao-

159 557 255 640 cipitis
268 561 307 621 ad
321 561 398 624 lenta
411 565 599 632 οιΙὼιιιιᾶι.
622 568 779 648 Reliquum
787 568 877 648 igitur
885 565 982 642 idest,
990 568 1264 641 scilicetutomnes

158 653 292 714 mneos·
304 655 469 738 coniurant,
490 661 515 720 si
529 660 631 722 multis
642 679 718 742 opus
732 662 798 735 erit,
812 662 947 734 multum,
962 662 1009 721 sin
1020 661 1134 742 paucis,
1147 679 1263 743 parum.

158 745 245 826 Opus
262 759 360 809 ιιιιιιιιι
373 753 480 814 οιιιίιιο
494 763 542 814 ιιι
558 757 700 836 pecuniis,
719 773 777 817 neo
790 754 854 816 sine
866 756 915 816 his
926 757 1082 837 quicquam
1095 765 1195 837 potest
1205 756 1262 816 rite

155 837 363 905 adminisuari
413 843 550 907 Indicant
562 847 650 908 ιιίιιιι
669 848 743 910 else
760 847 810 909 alii
826 847 1034 954 comparanda?
1046 848 1179 928 pecunie
1191 848 1261 908 rsti-

156 949 241 1007 ones,
259 952 277 993 e
290 934 398 1014 quanm
417 955 485 999 eam
498 957 551 999 vos
564 939 691 1046 eligetis,
704 958 772 1021 quse
785 941 911 1002 marine
922 941 1087 1002 conducere
1101 940 1259 1002 ridebitur:

155 1031 187 1083 et
199 1041 296 1086 rerum
308 1041 420 1116 curam,
432 1030 506 1093 dum
518 1032 637 1093 occasio
651 1031 746 1106 edent,
759 1033 908 1114 susmpite

196 1117 227 1176 9.
247 1117 328 1179 illud
341 1107 430 1181 etiam
444 1133 491 1184 est
502 1141 600 1206 operes
608 1124 733 1206 pretium
742 1126 873 1206 cogitare
883 1133 915 1189 et
922 1135 1069 1205 reputare
1082 1145 1142 1206 quo
1152 1125 1261 1186 ιιιΙοοο

154 1225 236 1270 nunc
259 1211 318 1272 sint
333 1227 381 1272 res
401 1213 538 1297 Philippi.
580 1217 686 1298 Neque
703 1219 782 1278 enim
798 1219 876 1289 istm,
890 1227 927 1279 ut
936 1217 1051 1279 videtur
1064 1227 1095 1278 et
1106 1218 1188 1279 (licat
1199 1217 1260 1278 ior·

152 1309 237 1364 tasse
259 1305 366 1384 eliquia
391 1308 441 1386 qui
458 1309 642 1390 negligenter
659 1331 722 1371 rem
740 1311 899 1391 expendet,
917 1320 1034 1391 compte
1051 1310 1258 1391 pulcherrime-

151 1411 214 1472 que
227 1414 293 1455 sese
305 1418 386 1460 nunc
398 1401 523 1461 hebent:
545 1421 641 1484 neque
654 1403 802 1463 intulisset
819 1403 870 1462 ille
882 1403 941 1463 hoc
952 1402 1063 1462 bellum
1075 1419 1218 1480 unquam,
1233 1400 1259 1460 si

152 1487 318 1564 gerendum
331 1491 395 1551 fore
408 1493 582 1568 censuisset,
596 1510 666 1554 nem
679 1505 744 1556 tum
755 1495 850 1576 prium
865 1493 963 1555 statim
973 1493 1082 1572 impetu
1093 1511 1127 1552 se
1141 1511 1258 1553 omnem

151 1591 215 1637 reru
229 1581 430 1644 coniecturum
449 1587 594 1664 sperabat,
615 1605 703 1667 quem
718 1605 802 1667 spem
815 1587 922 1647 falsam
934 1584 1048 1646 habuit.
1089 1583 1179 1644 Hoc
1170 1583 1260 1663 igitur

151 1669 277 1749 primum
298 1675 381 1734 illum
398 1679 506 1766 turbat,
520 1697 587 1739 cum
601 1691 706 1760 preter
718 1679 968 1759 exspectationem
986 1677 1127 1751 evenerit,
1148 1685 1180 1737 et
1195 1693 1259 1738 ms·

152 1765 396 1841 gnamillimovet
409 1759 633 1850 egritudinem.
654 1773 763 1833 deinde
772 1771 917 1833 senefiam
927 1769 1150 1831 Thessalorum.
1179 1769 1259 1830 Nam

151 1853 199 1913 lue
226 1859 345 1936 quidem
362 1869 469 1922 nutura
484 1864 620 1923 ιιιιιιιιιιιιι
638 1873 669 1923 et
686 1883 804 1950 semper
817 1865 953 1925 omnibus
967 1873 1059 1924 eram
1084 1859 1258 1923 mortalibus

151 1944 252 2007 inlldse
253 1951 378 2030 ,quales
392 1963 489 2012 autem
503 1953 720 2026 moruncurten
734 1969 786 2013 eas
805 1973 885 2013 nunc
898 1964 931 2011 st
941 1953 993 2012 ille
1005 1970 1074 2012 cum
1087 1952 1188 2031 primis
1201 1971 1255 2012 ax·

150 2040 274 2118 peritur.
326 2041 528 2103 Decreverunt
546 2045 625 2103 enim
646 2043 770 2102 Tlessoli
787 2044 920 2123 Pegasos
936 2047 975 2104 ab
993 2063 1030 2106 eo
1047 2062 1204 2124 reposcere
1224 2053 1257 2116 et

150 2129 339 2209 Magnesiam
361 2133 467 2192 muniri
479 2141 644 2203 vetuerunt,
667 2143 811 2213 ριιιιιιιι
834 2134 980 2210 quosdam
1002 2134 1102 2194 audiri
1122 2155 1181 2218 ego
1202 2136 1254 2215 qni

151 2223 286 2284 dicerent
303 2245 362 2286 non
379 2225 587 2286 commissuros
606 2225 742 2306 amplius,
759 2234 792 2284 ut
811 2224 860 2284 ille
874 2224 1008 2306 portoriis
1022 2227 1152 2304 ipsorum
1165 2237 1197 2286 et
1206 2247 1255 2287 ve·

151 2316 308 2397 ctigelrbus
325 2319 506 2398 perfruatur:
528 2337 684 2380 commune
697 2316 806 2377 etenim
819 2315 1023 2377 Thessalorum
1036 2316 1106 2376 inde
1119 2328 1259 2397 oportere·

150 2411 318 2485 sustentari,
337 2430 406 2493 nou³
417 2430 456 2472 ea
474 2404 641 2494 Philippum
661 2410 845 2492 intercipere.
888 2407 977 2479 Quod
1001 2409 1026 2468 si
1043 2407 1101 2468 hac
1123 2409 1253 2491 privatus

150 2502 241 2565 fuerit
259 2506 394 2585 pecnnia,
411 2506 442 2567 in
459 2516 571 2567 arctum
592 2505 752 2567 admodum
773 2504 800 2567 ei
818 2502 968 2584 stipendia
988 2503 1136 2583 peregrini
1156 2504 1255 2567 militis

150 2596 330 2677 redigentur.
371 2598 441 2659 Jem
455 2598 594 2661 Peonem
607 2609 638 2659 et
655 2598 796 2679 Illyrium,
807 2606 928 2659 ceteros
941 2595 1066 2675 deumne
1077 2615 1190 2677 omnes,
1201 2616 1255 2659 ex·

150 2688 336 2751 utimendunr
348 2702 396 2752 est
410 2690 454 2752 soi
465 2692 539 2771 juris
553 2702 585 2751 et
597 2690 703 2751 liberos
716 2708 807 2769 quam
821 2708 922 2751 servos
935 2702 1002 2749 osse
1014 2687 1122 2749 malle:
1142 2688 1250 2753 innuen

147 2781 227 2840 enlm
241 2792 311 2843 sunt
323 2784 458 2865 cuiquam
471 2800 583 2863 perere,
598 2792 630 2843 et
645 2780 735 2841 homo
755 2780 812 2841 iste
832 2779 1015 2861 inportunus
1029 2790 1086 2855 est,
1099 2788 1135 2840 ut
1157 2782 1251 2841 munt.

147 2870 252 2951 Neque
264 2874 396 2955 proiecto
407 2874 438 2935 id
447 2874 616 2935 incredibile
628 2872 762 2935 fortassis
774 2880 837 2933 est:
858 2872 1002 2933 immerite
1015 2873 1092 2933 enim
1104 2873 1250 2953 prosperi·

145 2974 193 3025 tes
216 2964 313 3028 stultis
329 2966 514 3028 occasionem
532 2969 646 3047 praebet
669 2964 828 3029 sconsilio
844 2960 1027 3039 discedendi,
1054 2984 1143 3045 quare
1170 2984 1250 3045 sepe

146 3054 260 3118 videtur
284 3068 368 3139 parte
388 3058 463 3121 tueri
481 3060 561 3121 bona
577 3079 642 3119 esse
664 3055 822 3129 difficilius,
845 3077 933 3136 quam
958 3076 1072 3138 parare.
1121 3057 1249 3139 Oportet

144 3144 234 3229 igitur
254 3170 319 3228 uos,
338 3151 542 3225 Athenienses,
571 3149 768 3233 importunum
794 3148 836 3209 illi
858 3160 974 3254 ternpus
998 3150 1081 3210 vobis
1085 3160 1246 3243 eppo-rto

144 3260 218 3301 num
231 3232 442 3317 existimantes,
457 3252 575 3305 ιιιιιιιιιι
591 3244 679 3305 rebus
693 3241 858 3315 subvenire,
870 3242 967 3303 missis
986 3260 1045 3323 quo
1062 3224 1150 3302 luerit
1170 3260 1245 3321 opus

142 3332 250 3413 legetis
272 3346 304 3396 et
314 3345 428 3397 vosmet
439 3336 521 3442 ipsos
533 3335 656 3395 militare
671 3344 702 3396 et
711 3335 785 3395 elios
798 3353 902 3395 omncs
920 3335 1077 3407 concitans,
1096 3336 1155 3397 hoc
1170 3356 1245 3413 pre·

140 3428 238 3487 sertim
252 3438 431 3509 reputantes,
444 3449 469 3490 ιι
460 3428 570 3489 ”talem
582 3436 685 3488 contra
696 3446 751 3486 uos
766 3426 919 3506 Philippus
927 3438 1041 3488 tenemt
1057 3430 1243 3490 occasionem

141 3530 174 3583 et
186 3520 298 3582 bellum
311 3542 402 3603 prope
417 3532 533 3583 nostros
548 3522 621 3581 lines
636 3519 768 3591 oriretur,
783 3537 870 3599 quam
883 3519 989 3601 cupide
1002 3520 1113 3601 putatis
1127 3541 1194 3581 eum
1213 3522 1242 3581 in

140 3636 197 3679 nos
210 3612 396 3683 invasurum?
417 3614 457 3675 Et
469 3634 566 3677 nonne
579 3610 690 3695 pudeat
700 3632 763 3684 uos,
777 3612 802 3673 si
816 3630 872 3675 nec
883 3632 921 3675 ea
931 3632 999 3693 quoe
1011 3611 1067 3692 ipsi
1086 3614 1244 3676 sustinere·

140 3710 192 3785 tis,
207 3710 232 3770 si
241 3718 345 3789 posset
352 3708 402 3769 ille
415 3709 529 3789 isperre,
542 3708 614 3768 data
626 3706 782 3767 occasione
794 3706 890 3767 iacere
901 3706 1057 3767 audentisi

182 3804 230 3863 10.
252 3803 400 3863 Praeterea
411 3822 449 3862 ne
466 3802 524 3865 hoc
535 3801 654 3881 quidem
666 3818 719 3860 ros
739 3799 845 3878 lugiet,
856 3799 1058 3871 Athenienses,
1072 3819 1151 3859 nunc
1166 3796 1242 3875 opti·

100 3890 106 3904 ’
138 3916 228 3957 onem
251 3896 313 3956 dari
327 3894 421 3967 vobis,
433 3904 532 3954 utrum
552 3912 604 3953 vos
624 3892 684 3953 illic
705 3892 963 3971 oporteatbellum
984 3910 1095 3971 gerere,
1108 3909 1146 3949 an
1161 3888 1242 3967 apud

138 4008 194 4051 vos
207 3987 311 4048 illumi
325 3988 356 4047 Si
370 3989 447 4048 enim
459 3986 664 4067 Olynthiorum
679 4004 749 4064 opes
761 3987 925 4045 manserint
932 3983 1105 4052 incolumes,
1118 4000 1171 4042 ros
1184 3980 1247 4043 illic
1351 3999 1357 4012 ’

137 4090 320 4163 pugnantes,
346 4099 414 4140 cum
437 4080 515 4139 illius
538 4097 662 4158 regnum
685 4078 848 4147 vastabitis,
871 4087 934 4137 tum
944 4095 1046 4137 secure
1068 4074 1124 4133 hac
1145 4086 1241 4135 vestre

138 4184 220 4235 terre
231 4172 380 4235 fruemini:
403 4172 448 4232 sin
461 4171 512 4236 illa
521 4170 676 4251 Philippus
690 4170 849 4251 occuparit,
863 4170 928 4247 quis
948 4186 1015 4228 eum
1029 4184 1113 4249 porro
1125 4168 1183 4229 huc
1198 4169 1241 4229 ire

137 4264 323 4347 prohibebit?
343 4264 491 4325 Thebani?
513 4284 549 4324 ne
563 4264 601 4324 sit
613 4264 694 4323 dictu
705 4262 825 4322 nimium
844 4280 944 4340 grave,
957 4264 1118 4330 unnetiam
1138 4261 1240 4320 irrum-

138 4370 211 4441 pent
225 4358 370 4440 expetlite.
412 4358 460 4418 An
474 4356 666 4419 Phocenses?
688 4355 739 4435 qui
756 4376 794 4416 nc
812 4372 867 4415 sua
884 4353 1005 4432 quidem
1022 4363 1146 4449 possum
1158 4351 1242 4422 tueri,
