2934 5000
448 197 604 270 oestro
620 197 677 267 DE
700 195 942 266 uetousseo.
1197 195 1239 260 66

142 361 292 426 moeniis
305 363 470 430 hominihus
483 367 534 448 qui
546 385 580 430 se
593 375 758 428 nostrornm
770 365 881 428 dueum
891 332 982 426 eleusi
991 309 1163 443 sdjungent,
1171 371 1240 422 tsn-
1289 399 1294 409 ·

14 491 15 507 ι
143 474 235 536 quem
248 458 390 520 custodim
413 459 500 520 meris
520 467 669 520 consortes
687 459 788 520 loturi.
821 459 897 518 Sunt
914 458 964 537 qui
985 454 1147 534 negentilli
1164 453 1240 514 merl

145 565 221 628 opus
235 568 302 610 esse
317 549 354 612 sd
367 551 436 624 {sue
455 551 668 631 sruplitiosnde.
703 552 746 612 At
757 551 782 611 is
796 551 848 631 qui
866 569 946 611 more
959 549 1092 628 negligit,
1105 547 1239 615 triremes

142 650 304 720 comparat,
319 643 444 704 exstruit
453 643 577 714 nauelis,
589 651 621 702 et
632 644 742 704 classes
750 641 1009 714 instituitmittere,
1022 659 1120 720 neque
1132 657 1239 719 perros

143 741 278 812 sumptus
296 733 369 796 t'scit
381 735 410 794 in
422 733 581 797 o'ertemiue
595 737 740 796 maritime
756 736 863 815 quihus
881 734 954 794 nihil
973 733 1064 795 hehet
1080 732 1240 810 antiquius.

144 821 226 886 Num
248 823 335 905 igitur
356 827 477 906 putetis,
496 827 702 902 Athenienses,
722 827 890 908 Philippum
915 826 982 886 huso
1003 824 1127 906 concedi
1146 823 1201 885 sibi
1219 841 1240 883 ι

142 915 229 978 robis
241 919 463 996 postuleturum,
477 921 532 980 nisi
542 929 574 980 et
582 939 635 980 ιιι
649 930 858 994 contemneret,
871 929 902 980 et
913 920 1017 981 inistis
1030 935 1173 980 summum
1184 916 1240 976 hs·

143 1007 229 1068 beret
240 1007 378 1072 fiduciam
390 1031 466 1090 quos
484 1013 533 1074 hio
546 1014 658 1074 emioos
671 1011 725 1074 sibi
745 1014 896 1092 acquirere
914 1014 1063 1075 decrevit?
1082 1015 1166 1080 Quos
1179 1028 1240 1071 nou

142 1099 238 1179 pudet
249 1100 383 1183 Philippo
394 1104 491 1166 rivere
510 1105 608 1186 potius
630 1123 721 1184 quem
740 1125 803 1166 sue
823 1103 935 1185 putrire,
955 1114 986 1164 et
998 1121 1121 1164 munere
1139 1103 1178 1163 eb
1188 1101 1241 1162 illo

143 1203 269 1274 scoepts
277 1214 311 1256 se
323 1197 398 1256 ferre
412 1196 532 1258 domum
546 1197 733 1272 arbitrentur,
751 1217 842 1278 quum
855 1217 893 1260 es
903 1217 971 1278 quus
983 1197 1064 1260 domi
1078 1205 1150 1258 suut
1169 1213 1240 1258 ven·

144 1283 217 1346 dere
231 1305 290 1346 uon
301 1286 447 1348 dubitent.

187 1379 219 1436 5.
238 1376 306 1437 Jem
321 1377 358 1438 de
373 1379 454 1458 pecie
475 1379 688 1455 emendatione,
701 1381 786 1462 eujus
800 1379 1014 1444 emendationis
1034 1377 1127 1458 legeti
1148 1377 1187 1436 eh
1204 1393 1243 1437 eo

144 1465 229 1528 missi
242 1467 389 1530 licentiam
402 1471 495 1532 nobis
505 1471 659 1545 dederunt,
682 1473 754 1552 quie
776 1472 807 1535 id
826 1472 1045 1534 emendavimus
1064 1468 1146 1550 quod
1163 1470 1244 1549 spud

143 1575 249 1618 omues
263 1561 400 1622 mortales
410 1563 523 1642 justum
536 1575 683 1638 censetur,
693 1575 729 1625 ut
743 1565 861 1643 utrique
874 1583 929 1625 suo
940 1573 1072 1636 tenuem,
1084 1581 1149 1623 eem
1162 1581 1196 1623 se
1208 1561 1244 1622 li-

145 1649 274 1711 mutiam
297 1653 425 1726 dedisse,
446 1664 478 1715 et
497 1654 534 1716 de
554 1676 591 1718 eu
609 1656 724 1736 legatos
744 1655 783 1716 ed
796 1675 850 1715 ιιι
873 1655 984 1716 dixisse
1004 1665 1106 1734 neget,
1123 1665 1245 1735 propter

144 1740 256 1804 nullum
266 1741 353 1806 elium
367 1763 487 1806 osorum
500 1746 555 1807 nisi
565 1748 647 1826 quod
660 1748 697 1808 eb
710 1747 776 1807 istis
788 1748 894 1825 quibus
903 1747 1007 1807 smiois
1021 1747 1111 1806 utitur
1123 1765 1245 1826 persua·

146 1850 199 1892 sus
221 1843 267 1905 est
288 1855 340 1896 ιιι
361 1857 395 1896 es
416 1857 484 1917 quse
504 1838 643 1900 dicuutur
655 1839 686 1899 in
705 1849 850 1919 suggesto
868 1857 929 1900 nou
948 1839 1126 1899 meminisse.
1154 1836 1251 1918 Atqui
1363 1847 1369 1861 ·

145 1923 244 1986 solun
255 1925 313 1987 hoo
326 1927 409 1987 obliti
420 1948 487 1989 esse
507 1949 567 1990 non
580 1932 712 2010 potestis.
746 1932 824 1991 Nem
836 1931 867 1990 iu
883 1929 988 1991 eudem
1000 1929 1144 1990 concione
1155 1940 1188 1989 et
1199 1930 1245 2005 le·

144 2016 211 2094 goti
225 2017 264 2076 nd
282 2037 335 2078 ιιι
347 2019 385 2077 eb
402 2038 438 2078 eo
451 2020 531 2080 missi
544 2022 635 2082 serbe
647 2023 789 2095 lecerunt,
803 2033 835 2082 et
854 2022 995 2101 scriptum
1016 2032 1065 2082 est
1083 2021 1244 2082 decretum.

144 2104 256 2184 ltaque
269 2107 330 2167 fieri
343 2109 455 2188 nequit,
469 2129 559 2189 quum
572 2111 603 2171 in
616 2113 775 2192 presentie
786 2114 875 2172 verbs
886 2113 966 2172 fectu
977 2121 1089 2184 essent,
1103 2121 1134 2172 et
1145 2113 1245 2172 stetim

146 2195 302 2258 decretum
321 2199 500 2273 recitaretur,
526 2211 561 2262 ut
582 2221 635 2262 ιιι
654 2201 806 2262 decretum
825 2203 904 2263 istud
924 2201 1006 2281 quod
1027 2203 1224 2264 mentiretur
1215 2223 1247 2266 ιιι

145 2287 274 2368 legatos,
287 2292 392 2353 restris
405 2291 551 2391 suffragiis
569 2295 838 2378 oompmheveritis
874 2297 974 2361 Qusre
985 2294 1043 2354 hoc
1062 2311 1122 2374 uon
1142 2305 1249 2356 eoutse

145 2381 272 2462 mered
285 2392 451 2446 contrusus
465 2366 595 2467 scripsitr
616 2405 670 2448 ιιι
683 2387 718 2448 iis
733 2387 871 2447 derebus
889 2385 1049 2466 dequibus
1064 2363 1136 2446 nihil
1148 2387 1247 2448 sudis-

145 2470 218 2535 sctis
231 2492 373 2557 responso
385 2475 456 2538 doto
469 2477 620 2541 decretum
633 2477 707 2540 illud
719 2478 760 2541 ed
772 2497 805 2541 se
817 2477 942 2540 misisse.
971 2479 1016 2539 Ao
1030 2477 1248 2572 legatiquidem

143 2562 204 2645 ipsi
213 2577 316 2627 contre
323 2585 399 2647 quos
412 2568 560 2631 decretum
573 2572 753 2645 mentiretur,
766 2589 858 2650 quum
867 2571 910 2631 eis
920 2571 959 2633 de
968 2572 1077 2651 scripto
1086 2560 1247 2650 respoude-

145 2656 231 2732 retis,
244 2670 275 2721 et
287 2678 339 2721 eos
351 2660 512 2723 invitaretis
534 2661 573 2723 ed
589 2663 760 2743 hospitium,
779 2681 841 2723 uon
858 2663 923 2724 susi
945 2662 1063 2725 fuerunt
1073 2662 1191 2742 prodire
1210 2681 1248 2725 eo

149 2744 266 2809 dicere:
289 2750 400 2813 Contu
420 2772 474 2813 nos
497 2754 668 2827 mentimini,
682 2752 888 2827 Athenienses,
907 2763 939 2815 et
950 2770 987 2813 ee
1006 2772 1063 2814 nos
1077 2754 1183 2815 dixisse
1199 2758 1246 2834 Je-

144 2840 237 2907 ‚otetis
249 2861 316 2921 qum
327 2863 387 2905 non
401 2844 544 2913 diximus:
559 2844 614 2905 sed
622 2845 704 2907 teoiti
714 2845 858 2906 abierunt.
880 2845 1067 2907 Volcentem
1079 2846 1248 2921 vos,Athe·.

142 2931 386 3007 ruienses-num
400 2936 516 3021 Python
531 2938 581 3017 qui
591 2947 654 2999 tum
667 2938 798 3019 legetum
812 2940 929 3019 egebet,
943 2939 1023 3019 epud
1037 2956 1091 2999 ιιι
1102 2938 1135 2998 in
1146 2940 1248 3001 conei-

150 3040 209 3085 oue
222 3024 472 3103 leudetusi'uit-,
482 3050 581 3091 eorum
591 3032 744 3091 verborum
751 3050 819 3111 quus
830 3030 880 3092 ille
892 3030 966 3091 dixit
978 3032 1248 3103 commonefacere:

149 3116 261 3197 quippe
273 3118 336 3179 scio
347 3140 401 3181 ros
421 3140 457 3181 ee
468 3122 643 3183 meminisse.
671 3122 803 3184 Fuerunt
821 3132 919 3183 nutem
937 3140 1077 3203 perquem
1094 3123 1199 3186 similis
1212 3124 1248 3185 iis

147 3228 219 3287 qum
241 3210 358 3291 scripsit
369 3212 529 3295 Philippus.
554 3214 633 3275 Nem
645 3214 715 3275 duro
729 3215 769 3277 de
791 3216 876 3277 uobis
893 3214 1061 3294 Philippum
1073 3214 1249 3277 criminanti-

147 3302 207 3363 bus
222 3312 401 3383 quereretur,
413 3306 502 3376 etiem
515 3324 566 3367 ros
580 3306 751 3377 iuousebut3
775 3308 890 3368 seilicet
901 3326 964 3381 ιιι,
977 3324 1068 3387 quum
1080 3307 1267 3367 incitaretur

148 3412 202 3455 rex
215 3394 254 3457 ud
267 3396 343 3457 bene
354 3396 391 3455 de
399 3394 482 3459 vobis
492 3398 671 3473 merendum,
681 3409 713 3459 et
724 3418 777 3459 vos
790 3398 899 3459 emices
913 3396 1063 3479 expeteret
1073 3416 1135 3479 pue
1143 3400 1250 3460 ceteris

141 3486 280 3559 Grecis,
293 3489 371 3551 illius
386 3490 539 3570 desideriis
552 3491 704 3565 obsistere,
719 3490 962 3552 enlumuistorum
980 3492 1061 3552 dictu
1083 3496 1250 3572 approban-

152 3590 199 3643 tes
210 3583 260 3661 qui
269 3602 337 3643 eum
347 3583 568 3646 criminarentur
586 3605 606 3645 u
622 3592 682 3663 huo
698 3585 854 3663 pecuniam
866 3595 1008 3667 peterent.
1053 3588 1153 3653 Quum
1173 3588 1252 3647 enim

152 3674 192 3735 sd
204 3674 286 3733 illum
300 3674 460 3735 efferunttrr
472 3676 542 3737 telio
555 3676 644 3749 dictu,
659 3676 767 3755 quibus
785 3687 820 3737 ut
835 3677 898 3758 ipse
916 3678 1124 3759 proscinditur,
1139 3680 1181 3739 its
1198 3693 1252 3740 ιιι

152 3766 351 3839 oblectamini,
377 3768 483 3829 muneri
508 3768 573 3850 ejus
598 3770 740 3842 suimum,
761 3770 842 3849 quod
863 3771 915 3832 'iis
935 3770 1069 3831 sidentur
1085 3770 1194 3830 infidus
1213 3770 1252 3831 de

153 3858 260 3937 qubus
281 3860 358 3919 bene
375 3858 478 3920 mereri
491 3860 602 3923 sternit.
643 3861 772 3937 Psoinde
789 3864 919 3935 vetebet,
941 3884 981 3924 ne
1000 3862 1102 3942 populi
1123 3870 1253 3923 orstores

15 3964 17 3971 ’
152 3970 258 4031 penem
269 3950 625 4031 reprehenderent—neo
635 3954 713 4015 enim
721 3973 786 4015 eum
795 3974 862 4017 esse
874 3954 1143 4024 dissolvendum-,
1158 3952 1212 4013 sed
1225 3954 1252 4015 si

154 4042 185 4101 in
197 4044 281 4122 pacis
294 4044 509 4106 conditionibus
522 4045 633 4127 aliquid
646 4064 801 4126 perpetem
811 4047 952 4128 scriptum
966 4055 1059 4120 esset,
1079 4042 1110 4102 id
1128 4042 1254 4124 jubebis

152 4135 328 4207 emendem
349 4138 457 4219 quippe
470 4138 636 4221 Ph'dippum
650 4140 796 4204 facturum
808 4158 875 4201 esse
890 4138 991 4207 omnia
1002 4156 1071 4225 qum
1082 4154 1137 4197 vos
1149 4135 1251 4201 deere-

155 4262 297 4378 wuston
281 4265 320 4314 vel
339 4266 435 4317 ιιιιιιὶι
454 4268 529 4317 ιιΙι
514 4268 684 4333 suplilioends.
729 4267 800 4317 ⁸Illis
817 4266 923 4318 insidiari
937 4286 1046 4343 pum„
1063 4270 1146 4325 lustr.
