2934 5000
185 252 187 260 ¹
241 267 281 326 74
513 261 671 327 ORATIO
697 265 754 326 DE
771 259 1059 326 CHERSONESO.

240 419 282 481 tio
295 419 391 495 datur,
403 419 458 482 sed
470 419 544 484 illud
556 419 683 482 omnium
698 436 819 500 operum
828 417 1025 498 justissimum
1036 410 1219 492 minim
1232 427 1342 472 ΝΜ·

241 511 348 572 sariam
364 512 545 591 relinquitur,
560 513 640 594 quod
658 511 708 574 ini
719 511 760 573 de
772 509 918 573 industria
931 508 1109 574 aemilium
1129 503 1341 574 Quodnamss·

240 603 293 664 lud
305 604 372 664 esti
392 615 426 664 ιιι
438 623 506 665 eum
525 605 709 678 ulciscamur,
727 601 778 684 qui
793 603 872 683 prior
890 601 1002 663 bellum
1022 600 1107 662 nobis
1127 597 1235 665 intulit,
1269 595 1341 656 Nisi

240 693 315 756 forte
325 696 398 758 ιιιιιιι
409 696 572 763 mehercule
582 696 694 769 dicunt,
704 693 826 780 quodsi
836 691 1093 762 ebsnneatdttroa
1102 689 1254 769 quue
1262 687 1339 749 Ph!

240 787 350 870 lippus,
363 808 459 870 neque
472 789 577 869 injuria
589 791 688 850 urbem
702 787 794 850 afficit
805 807 902 867 neque
912 785 1023 848 bellum
1039 783 1127 844 iacit·
1148 783 1199 861 qui
1211 781 1237 842 si
1245 781 1294 861 joa
1305 790 1343 842 et

241 900 357 962 aequum
370 881 429 970 ista
440 881 543 964 regula
555 882 716 943 metiuntur
727 891 759 942 et
770 881 844 942 istos
856 878 938 961 pacis
956 877 1062 938 limites
1076 874 1341 946 constituentem

241 973 341 1052 utique
355 965 410 1035 nec
422 993 508 1056 reque
520 994 575 1036 neo
588 975 710 1036 ferenda
723 973 821 1034 dicere
834 991 890 1032 nec
902 980 969 1032 tuta
983 970 1065 1030 robis
1066 965 1273 1047 ,perspiciantur
1289 972 1343 1026 ιιι

242 1066 393 1138 emollius:
417 1089 453 1130 ae
469 1079 611 1150 praeterea
629 1069 745 1142 accidit,
760 1076 795 1129 ut
813 1066 956 1146 limoipsn
974 1083 1042 1144 quar
1059 1061 1172 1140 dicum,
1192 1058 1344 1122 oenumia

244 1155 302 1222 siut
315 1161 549 1226 accusationibus
562 1179 636 1242 quas
649 1171 752 1222 contra
763 1156 923 1239 Diopithen
936 1157 1044 1217 learnt.

284 1252 314 1311 3.
334 1250 412 1312 Nam
421 1255 471 1334 qui
480 1255 627 1326 convenit,
636 1263 671 1316 ut
683 1251 818 1332 Philippo
827 1249 941 1330 quidvis
951 1245 1058 1329 agendi
1066 1245 1214 1307 licentiam
1223 1242 1342 1316 demus,

243 1339 332 1412 modo
345 1344 471 1406 Atticam
485 1365 544 1408 non
557 1345 693 1414 invadat:
715 1341 876 1424 Diopithen
888 1360 1021 1402 veronae
1029 1337 1192 1400 Thracibus
1202 1332 1342 1416 opitulari

243 1431 383 1510 sinamus,
394 1447 446 1498 aut
457 1439 482 1498 oi
494 1439 653 1516 opitaletar,
669 1435 816 1497 concitare
827 1433 937 1499 bellam
951 1431 1106 1494 (ιὶιιιιιιιιι
1129 1428 1189 1491 Sed
1201 1428 1268 1488 heac
1281 1425 1343 1487 aei·

242 1519 313 1586 hcet
321 1527 516 1608 exagitantur
525 1549 560 1592 ac
569 1529 732 1590 nonminus
744 1537 813 1588 sunt
823 1527 995 1606 graviaque
1004 1519 1275 1604 aguntme'roanarii
1284 1519 1342 1578 mi·

242 1613 320 1692 lites,
341 1638 409 1681 eum
430 1621 656 1707 Hellespontum
669 1620 856 1702 populantur,
869 1628 901 1678 et
912 1617 1019 1698 injuste
1031 1616 1102 1677 facit
1115 1612 1271 1694 Diopithes
1284 1630 1341 1672 na·

243 1707 322 1788 rigia
337 1711 557 1795 intercipiendo,
570 1729 665 1792 neque
678 1711 735 1772 hoo
749 1719 796 1772 est
807 1709 1043 1813 permittendum
1079 1705 1165 1779 Esto,
1178 1707 1251 1767 flant
1261 1705 1340 1775 hac,

192 1835 195 1842 ,
244 1799 316 1860 nihil
328 1803 508 1872 contradico.
529 1803 726 1863 Veruntamen
742 1803 847 1864 decere
860 1803 993 1874 arbitror,
1006 1801 1032 1860 si
1044 1799 1187 1860 exanimo
1199 1797 1257 1858 ista
1269 1815 1341 1858 eon·

245 1891 346 1954 solunt
358 1895 582 1976 equitatumque
596 1895 788 1976 spectandam
801 1904 959 1976 potentat
970 1890 1218 1973 quomadmodum
1229 1889 1342 1952 eonati·

244 1995 324 2056 tutas
345 1997 452 2056 nostra
471 1986 549 2054 urbis
564 1987 663 2068 copias
676 1987 819 2070 dissipare
832 1995 988 2057 conantur,
1001 1985 1106 2046 dnoem
1121 2003 1232 2058 aarum,
1244 1991 1343 2061 suopte

244 2073 381 2138 industrio
386 2089 470 2158 porto
479 2079 623 2162 stipendia
631 2081 803 2152 solventem,
811 2077 891 2160 apud
900 2098 952 2144 ιοι
961 2076 1178 2150 calumniando,
1191 2077 1232 2136 ita
1239 2087 1341 2137 asten-

246 2167 461 2242 denotaveris
476 2171 542 2232 haee
553 2189 694 2254 persuasa
707 2171 826 2242 luerint,
839 2171 925 2231 etiam
943 2169 1069 2249 Philippi
1088 2168 1248 2228 exercitum
1265 2168 1343 2228 dila·

245 2279 375 2342 psurum.
398 2263 553 2330 Quodnisi
566 2264 787 2337 demonstrarint,
799 2262 871 2322 nihil
885 2261 965 2323 aliud
977 2281 1027 2322 eos
1040 2279 1127 2343 agere
1140 2261 1343 2342 reginmunt

246 2365 281 2414 ut
291 2355 388 2417 denuo
397 2355 605 2438 rempublicam
615 2365 746 2418 nostram
757 2356 787 2415 in
795 2374 862 2415 eum
871 2353 1013 2414 reducant
1019 2363 1126 2414 statum
1129 2370 1342 2437 ,qooresprre-

247 2456 345 2509 ιιιιιιι
357 2465 460 2509 omnes
473 2449 630 2529 peirerunt.
661 2448 750 2511 Scitis
770 2447 847 2511 enim
860 2445 1004 2528 proiecto,
1018 2445 1090 2507 nrlril
1103 2445 1232 2506 omnium
1243 2465 1342 2507 rerum

247 2548 308 2599 tarn
321 2537 465 2629 proluisse
478 2540 613 2621 Philippo
630 2540 668 2601 ad
680 2550 811 2602 nostram
823 2542 925 2604 urbem
938 2538 1143 2623 superandam,
1157 2557 1247 2620 qnam
1259 2540 1342 2619 quod

246 2628 325 2709 prior
339 2648 438 2693 omnes
448 2630 618 2694 occasiones
632 2633 759 2717 arripuit.
782 2630 934 2713 Namque
926 2650 963 2706 ιι
971 2650 1038 2691 oum
1049 2632 1342 2713 samperexpeditnm

247 2721 396 2784 o'ireumae
406 2724 674 2802 atquelostruotum
685 2722 1087 2803 exereltomhabeatetquid
1095 2724 1226 2785 facturus
1236 2724 1342 2805 sitjam

248 2822 334 2873 antea
346 2811 522 2885 delrlrerarit,
543 2816 700 2897 derepente
713 2836 789 2896 qnos
803 2816 916 2887 libitam
928 2825 976 2877 eet
987 2816 1173 2896 aggreditur.
1193 2836 1249 2877 noo
1261 2836 1342 2893 vero,

247 2904 298 2965 ribi
306 2906 370 2986 jam
383 2905 493 2987 aliquid
507 2906 618 2968 laetum
631 2926 697 2969 esse
707 2906 882 2982 audiri-us,
894 2904 1083 2969 tamdemuto
1092 2908 1305 2970 tumultuamur
1311 2921 1344 2972 et

248 2996 343 3057 tetiam
355 3016 500 3078 paremus
521 2996 596 3071 inde
610 3003 743 3065 nimirum
757 3002 872 3077 accidit,
886 3012 921 3063 ut
931 3000 981 3063 ille
993 3001 1101 3074 omnia,
1112 3022 1179 3083 quta
1191 3003 1343 3076 invaserit

224 3105 364 3150 ··aumma
380 3110 448 3165 cum
462 3094 670 3172 tranquillitate
682 3093 822 3176 pon'aturs
841 3115 897 3156 nos
917 3104 1016 3158 antem
1035 3096 1129 3157 serius
1143 3098 1239 3175 otone
1251 3094 1343 3157 adve-

249 3182 362 3243 niamus
372 3193 404 3245 et
415 3182 522 3250 ιιιιιιιι
534 3182 681 3267 impensae
695 3207 796 3249 omnen
809 3186 961 3260 satiamus,
973 3187 1099 3249 ostensis
1111 3186 1228 3267 quidem
1245 3189 1343 3255 inimi·

248 3272 324 3335 oitiis
337 3278 440 3353 atejus
456 3280 596 3340 comtibus
608 3278 771 3341 obsistendi
782 3279 945 3353 voluntate,
956 3278 1011 3341 sed
1022 3280 1166 3360 neglectis
1179 3280 1343 3344 occasioni-

249 3364 710 3433 busetrebusinleotisdedeous
724 3372 1156 3453 etiaminanpersusoipiamns.
1347 3451 1351 3463 1

287 3462 317 3525 4.
340 3452 412 3520 Ne''
399 3462 486 3540 igitur
498 3464 647 3543 ignoretis,
661 3464 867 3539 Athenienses,
888 3466 976 3526 etiam
997 3483 1076 3550 nuno
1094 3475 1202 3527 cratera
1222 3464 1343 3547 qnidam

248 3553 338 3613 verba
349 3572 415 3613 esso
428 3565 516 3637 atque
530 3566 705 3628 commenta,
718 3559 775 3619 hoe
787 3578 857 3619 rero
870 3559 918 3638 agi
933 3568 965 3619 et
982 3558 1061 3619 omni
1081 3559 1193 3620 ratione
1213 3560 1296 3634 strui,
1309 3570 1345 3622 ιιι

249 3642 321 3705 dum
337 3662 393 3705 ros
407 3646 486 3707 domi
498 3652 639 3711 manentia
652 3661 683 3710 et
694 3648 783 3710 nullm
796 3660 904 3710 nostras
921 3650 1001 3712 urbis
1015 3650 1109 3732 oopire
1122 3650 1193 3711 ioris
1206 3652 1275 3724 sint,
1288 3672 1345 3735 per

250 3754 395 3797 summurn
405 3738 496 3798 otium
506 3743 771 3823 quecumquerult
779 3741 931 3823 Philippus
941 3742 1088 3804 eonfloiat.
1118 3742 1225 3805 Videte
1235 3746 1344 3807 etenim

248 3830 384 3909 primum,
397 3830 490 3910 quid
482 3850 511 3893 ιιι
532 3838 686 3915 praesentia
704 3836 765 3897 fiat.
806 3834 894 3897 Nune
907 3835 956 3897 ille
967 3856 1036 3899 oum
1049 3856 1158 3917 magno
1171 3839 1301 3901 exercita
1313 3840 1345 3901 in

201 3914 205 3936 ‘
250 3918 378 3984 'l'hraoia
390 3932 532 3999 versatur,
543 3937 573 3987 et
582 3929 681 4005 copies,
692 3938 724 3987 ιιι
735 3938 898 4012 praesentes
910 3926 941 3987 hi
954 3930 1065 4005 dicunt,
1075 3931 1227 3993 accersite
1241 3932 1345 3994 Mace·

250 4011 340 4076 donia
352 4024 382 4076 et
394 4014 553 4079 Thessalia.
580 4018 702 4085 Quod
680 4038 704 4079 ιι
718 4021 895 4099 exspectatis
909 4020 1018 4085 Etesiis
1036 4021 1210 4105 Byzantium
1222 4044 1346 4105 aggres-

251 4106 467 4179 tusobsederit,
482 4110 841 4191 primumanputatisiore
844 4112 1345 4195 ,utBynantiiinendemqaanuno

251 4208 320 4255 ιιιιιι
333 4198 460 4269 amentis
471 4210 618 4273 maneant,
632 4212 664 4263 et
674 4222 727 4265 ros
746 4222 806 4264 non
828 4214 982 4265 accersant
995 4208 1160 4312 auxiliaque
1171 4219 1270 4269 vestra
1282 4228 1344 4270 non

251 4288 420 4365 postulent?
441 4282 584 4371 Equidem
598 4312 656 4357 non
670 4296 787 4376 opinor
797 4295 886 4357 sed'
863 4316 888 4359 ιι
904 4298 1010 4377 quibus
1032 4299 1128 4361 minna
1139 4300 1231 4365 etiam
1248 4300 1345 4364 ddunt
