2934 5000
262 306 325 365 sm
551 271 1081 366 conrasanrsrocasruu.

263 455 344 517 terri.
373 442 519 519 Ριοιιιιι
534 448 603 521 nihi
625 446 745 527 quidem
757 462 898 526 perquam
919 460 986 503 esse
1006 436 1162 518 impudens
1180 435 1234 496 illa
1249 435 1388 494 videras·

265 548 371 617 oratio,
385 544 464 623 priua
477 542 565 600 ctiam
578 539 642 599 aliis
653 538 725 597 talia
739 538 858 600 decreta
870 553 937 593 esse
949 534 1038 592 tauta.
1073 531 1140 591 Nec
1153 529 1245 599 enim
1255 527 1385 604 siquid

268 654 399 714 unquam
412 654 470 693 nou
480 631 641 691 secundum
656 631 741 707 leges
752 629 933 695 factumest,
945 623 1035 700 idque
1046 631 1080 680 tu
1090 640 1125 679 es
1136 619 1283 687 imitatura,
1304 638 1384 697 pro-

268 742 370 807 pterea
380 738 410 787 te
423 725 534 785 absolsi
546 725 641 793 decet,
654 722 706 781 sed
720 730 832 789 conus
849 728 934 777 tanto
945 714 1076 775 damnari
1089 712 1184 789 magis
1200 722 1383 815 propterea.

268 820 357 880 Sicut
374 818 462 885 enirn,
470 818 494 879 si
503 816 569 894 quis
582 815 696 873 illorum
708 812 865 873 dannatus
878 809 993 880 luisset,
1000 816 1034 866 tu
1044 806 1102 865 ista
1112 822 1174 863 sou
1188 802 1383 880 scripsisses,

265 911 312 971 its
326 912 351 970 si
364 922 395 969 tu
408 928 488 969 nuuc
500 906 695 974 damnaberis,
709 904 785 963 alius
797 921 857 961 non
870 900 989 961 scribet.

311 1005 363 1061 27.
373 1002 451 1061 Hoc
468 999 618 1061 decretum
635 996 723 1075 iginu
736 1014 770 1055 re
783 1014 843 1053 non
856 992 1009 1053 manifeste
1022 998 1126 1049 costra
1139 1006 1244 1047 ornnes
1261 986 1383 1046 fecisse

269 1094 366 1172 leges,
386 1110 442 1153 nec
456 1090 549 1169 ipsun
564 1107 653 1169 posse
672 1106 782 1165 negare
794 1087 1002 1145 Aristocraten
1018 1084 1160 1142 arbitror·
1177 1079 1235 1139 sed
1253 1078 1382 1147 accidit,

271 1196 307 1244 ut
323 1184 471 1262 querulam
484 1182 655 1241 violaturum
669 1180 767 1257 legum
781 1196 862 1237 reum
880 1175 1012 1245 viderim,
1024 1176 1074 1252 qui
1087 1191 1158 1232 eum
1176 1171 1298 1250 Ιιςῖυιι
1322 1172 1381 1230 ds-

159 1306 162 1311 ·
271 1286 433 1344 sanaretur,
444 1271 680 1335 seconducibilia
692 1271 775 1331 vobis
786 1268 939 1348 scripsisse
952 1266 1067 1327 dicere
1058 1266 1235 1335 institueret,
1244 1274 1275 1322 et
1282 1264 1381 1323 velas

266 1378 386 1433 menter
397 1365 599 1432 tontenderet,
614 1363 705 1425 stulta
717 1360 835 1439 quidem
856 1378 986 1438 prorsus,
1005 1360 1119 1437 opinor,
1138 1356 1184 1416 rel
1206 1356 1381 1434 inpudenti

273 1459 371 1537 potius
386 1456 526 1517 oratione.
547 1455 675 1517 Tametsi
684 1454 762 1515 enirn
772 1471 808 1511 ea
820 1472 887 1531 quas
894 1450 1075 1510 decrevisset
1083 1450 1114 1507 iu
1126 1448 1228 1509 cetsr's
1238 1450 1278 1508 ab
1293 1450 1380 1508 omni

272 1562 356 1628 parte
374 1548 458 1611 utilia
471 1557 582 1618 eareat,
602 1556 633 1605 et
645 1566 664 1606 a
677 1544 760 1605 vobis
777 1554 887 1612 tamen,
899 1542 949 1620 qui
968 1560 1020 1600 vos
1032 1560 1070 1600 ex
1082 1539 1253 1619 prescripto
1271 1542 1379 1619 legum

272 1637 516 1721 pronunciatum
524 1637 655 1717 jurastis,
664 1654 699 1696 ea
712 1634 878 1695 confirmari
890 1632 1063 1711 postularet,
1077 1650 1144 1711 quar
1151 1651 1209 1691 nee
1219 1631 1286 1710 ipse
1294 1636 1379 1713 juste

275 1730 384 1809 scripta
405 1748 471 1789 essa
492 1738 595 1807 posset
614 1728 781 1796 ostendere,
804 1745 859 1805 pro
878 1724 1030 1786 inarum
1046 1723 1184 1783 lrabenda
1205 1725 1328 1793 luerint,
1351 1726 1378 1783 si

271 1822 363 1881 niodo
372 1819 559 1899 jurisjurandi
573 1818 674 1896 religia
689 1818 808 1877 marinii
820 1818 955 1877 omuibus
967 1816 1104 1875 t'scienda
1114 1825 1172 1875 est.
1199 1815 1303 1876 Habet
1314 1817 1377 1877 for-

270 1923 352 1973 tasse
365 1922 465 1971 umes
479 1910 720 1988 illairnpudentie
733 1908 866 1969 nonnihil
879 1908 1088 1970 excusationis.
1123 1908 1174 1967 lati
1195 1917 1296 1967 eutem
1317 1930 1376 1969 nac

271 2024 312 2063 ea
330 2024 420 2063 causa
433 2002 604 2079 relinquitur
617 2002 696 2081 apud
710 2020 773 2061 vos.
805 2001 883 2061 Cum
902 2002 978 2061 enlm
991 2001 1141 2061 ὼααιιιιι
1159 2000 1223 2079 ejus
1242 2020 1377 2062 summo·

197 2150 201 2157 .
275 2114 345 2173 pere
359 2094 472 2173 legibus
485 2093 665 2166 adversetur,
678 2092 867 2172 perniciosius
879 2095 966 2165 enam
982 2102 1038 2164 est,
1049 2110 1141 2169 quam
1154 2090 1292 2170 iniquior.
1321 2096 1377 2153 At-

276 2206 334 2263 que
348 2186 474 2263 idipsum
496 2200 612 2263 quoque
633 2184 841 2245 demonstrabo
853 2184 947 2243 robis.
979 2184 1024 2242 {lt
1037 2194 1136 2243 autem
1155 2184 1187 2242 id
1206 2184 1290 2262 quod
1306 2186 1376 2245 solo

276 2278 373 2337 uerbis
388 2277 574 2355 ,paucissimis
587 2276 753 2347 ostendam,
764 2286 868 2335 notum
881 2276 966 2335 robis
984 2274 1121 2335 omnibus
1141 2276 1311 2353 exemplum
1331 2298 1376 2337 re-

271 2371 415 2431 censebo.
450 2368 535 2429 Scitis
548 2388 566 2427 c
580 2368 730 2447 republica
750 2380 851 2427 uestra
869 2386 944 2435 esse,
963 2378 996 2428 ut
1009 2385 1107 2445 neque
1120 2366 1267 2437 Thebani,
1279 2388 1376 2447 neque

276 2460 493 2522 Lucedoeruonii
511 2460 571 2522 siut
582 2470 737 2538 porentm:
751 2460 812 2520 'sed
826 2468 860 2518 ut
878 2458 921 2518 illi
942 2458 1123 2530 Phocenses,
1141 2457 1266 2518 hislius
1287 2480 1374 2539 quos·

276 2555 357 2632 piam
376 2553 560 2615 adversarios
585 2553 722 2612 habeant.
749 2553 826 2611 Nan
846 2551 898 2610 tali
920 2571 1016 2610 rerum
1041 2560 1134 2620 statu,
1154 2571 1208 2610 ros
1230 2571 1375 2612 susurnam

275 2645 437 2722 potentiam
449 2643 554 2718 securi,
568 2653 599 2702 et
611 2653 694 2702 extra
718 2661 805 2703 omne
823 2643 911 2721 positi
934 2643 1094 2720 periculum
1115 2651 1216 2701 terere
1237 2644 1375 2722 potestis.

279 2735 345 2796 Hoc
361 2735 454 2812 ipsum
471 2735 559 2812 igitur
576 2733 722 2794 consimili
735 2735 849 2794 mtioue
864 2735 976 2794 ciuibus
996 2734 1113 2805 nostris,
1126 2735 1179 2813 qui
1197 2735 1228 2794 in
1247 2735 1375 2796 Cherso-

274 2843 351 2884 neso
372 2825 542 2894 consedere,
561 2825 702 2904 prodesse
724 2825 844 2902 putetis,
870 2836 904 2885 ut
927 2845 965 2885 se
993 2825 1059 2904 quis
1079 2825 1232 2885 Threcum
1251 2821 1375 2906 magnas

278 2934 350 2993 opes
370 2915 487 2976 hebeat
525 2915 602 2975 Nam
630 2915 746 2974 illorum
762 2917 907 2976 turnultus
927 2916 1005 2976 inter
1021 2916 1114 2995 ipsos,
1139 2927 1309 2996 notumque
1319 2939 1375 2977 sn-

280 3006 425 3085 spioiones
439 3017 470 3065 ct
484 3006 657 3078 simultates,
672 3027 787 3066 summa
806 3019 877 3068 sust
888 3009 1017 3068 omnium
1035 3007 1260 3088 firmissimaque
1283 3009 1375 3071 (lher-

276 3099 379 3158 sonesi
396 3097 542 3176 praesidia.
571 3097 730 3158 Decretum
744 3118 817 3158 vero·
825 3098 917 3169 istud,
936 3119 998 3178 quo
1010 3110 1045 3159 ut
1057 3100 1257 3182 Cessobleptra
1270 3103 1375 3162 sumni

280 3189 364 3248 ducis
384 3187 529 3248 securitati
543 3187 715 3260 consulitur,
730 3190 773 3249 sic
785 3202 947 3250 ceterorum
966 3211 1069 3270 regum
1081 3192 1228 3270 prefectu
1240 3203 1376 3254 incurset

281 3289 382 3350 terror,
401 3299 437 3340 ne
450 3281 480 3340 in
495 3281 604 3340 crimen
620 3280 740 3358 aliquod
758 3283 888 3346 veniant
902 3283 1051 3353 incutitur,
1064 3283 1119 3342 hos
1131 3283 1272 3355 infirmos,
1284 3303 1374 3343 ununr

279 3371 363 3432 illurn
385 3381 535 3452 potentem
561 3371 641 3432 lacit.
678 3371 724 3431 Na
747 3392 816 3432 sero
837 3373 980 3432 miremini
1005 3374 1126 3434 decreta
1144 3383 1243 3434 vestra
1260 3384 1373 3434 tantun

281 3461 388 3521 habere
402 3463 540 3540 ponderis
554 3476 585 3524 et
599 3465 748 3534 momenti,
765 3465 960 3536 remlactam,
973 3474 1005 3524 et
1022 3474 1123 3524 sotem
1134 3465 1218 3526 vobis
1231 3467 1374 3536 omnibns,

281 3553 311 3610 in
328 3553 493 3612 memoriam
506 3555 649 3632 redigam.
679 3558 778 3621 Quum
794 3555 982 3634 Miltocytlres
995 3574 1015 3615 a
1027 3556 1122 3635 Cotye
1134 3557 1302 3628 deiecisset,
1313 3559 1373 3618 bel

278 3643 399 3720 lumque
410 3643 460 3701 diu
471 3644 643 3715 traheretur,
654 3658 684 3706 et
693 3647 855 3725 Ergophile
865 3665 1019 3706 successor
1029 3647 1117 3707 datas
1128 3648 1272 3723 Autocles
1280 3649 1373 3712 classe

280 3735 465 3814 prolecturus
479 3745 568 3806 esset,
583 3737 693 3798 sactrrru
707 3739 858 3816 quoddam
872 3737 952 3818 apud
966 3759 1021 3799 sos
1039 3739 1208 3827 hrsjrssmurli
1223 3739 1373 3800 decretum

282 3828 340 3886 fuit
342 3845 422 3906 ,quo
443 3825 630 3905 Miltocythea
644 3831 812 3907 perterritus
825 3831 907 3900 abiit,
919 3831 1001 3908 quod
1015 3851 1071 3890 sos
1092 3849 1112 3890 s
1124 3850 1158 3890 se
1171 3830 1312 3890 adenstos
1324 3852 1372 3892 ex-

281 3920 428 3980 istimabat
429 3918 766 3996 ,Cotysauternetsscri
776 3923 894 3990 montis,
903 3922 1144 3982 etthesssrisest
1153 3923 1274 4001 mutus.
1286 3924 1374 4002 Atqui
1396 3973 1401 3982 .

283 4012 400 4084 deinde,
408 4009 611 4078 Athenienses,
627 4011 772 4072 Autecles
783 4015 1082 4092 accusabatur,qussi
1096 4013 1299 4092 Miltocytlrem
1309 4035 1372 4093 per·

282 4103 424 4163 didisset:
441 4101 561 4180 jamque
569 4112 686 4178 tempus
699 4101 859 4162 accusandi
873 4114 1023 4164 suctorem
1036 4104 1146 4164 decreti
1159 4105 1239 4163 illius
1250 4105 1373 4166 exten:

281 4201 313 4251 et
324 4207 421 4254 nostra
431 4196 533 4255 civitas
546 4195 635 4254 rebus
649 4193 762 4252 intectis
776 4203 807 4252 et
816 4195 1093 4272 perditisdesistere
1106 4199 1274 4273 cogebatur.
1299 4199 1373 4259 Our-

285 4283 354 4340 niuo
367 4285 454 4362 igitur
468 4287 582 4353 scitote,
597 4303 675 4344 nune
685 4284 850 4354 etiam‚nisi
859 4285 1010 4346 decretum
1019 4285 1076 4346 hoc
1082 4285 1240 4357 solveritis,
1250 4290 1281 4347 et
1293 4309 1372 4368 suges

283 4371 375 4450 ipsus,
398 4385 546 4438 eteorum
566 4375 656 4436 duces
681 4375 849 4438 mirabiliter
866 4376 972 4438 animis
990 4377 1194 4456 trepidaturos.
1229 4379 1374 4444 Panum
