<?xml version="1.0" encoding="UTF-8"?>
<!DOCTYPE html PUBLIC "-//W3C//DTD XHTML 1.0 Transitional//EN"
    "http://www.w3.org/TR/xhtml1/DTD/xhtml1-transitional.dtd">
<html xmlns="http://www.w3.org/1999/xhtml" xml:lang="en" lang="en">
 <head>
  <title>
</title>
<meta http-equiv="Content-Type" content="text/html;charset=utf-8" />
  <meta name='ocr-system' content='tesseract 3.04.00' />
  <meta name='ocr-capabilities' content='ocr_page ocr_carea ocr_par ocr_line ocrx_word'/>
</head>
<body>
  <div class='ocr_page' id='page_1' title='image "./demosthenisetsc09ulpigoog/demosthenisetsc09ulpigoog_0055.png"; bbox 0 0 2934 5000; ppageno 0'>
   <div class='ocr_carea' id='block_1_1' title="bbox 491 221 1247 325">
    <p class='ocr_par' dir='ltr' id='par_1_1' title="bbox 491 221 1247 325">
     <span class='ocr_line' id='line_1_1' title="bbox 491 221 1247 325; baseline 0.009 -40"><span class='ocrx_word' id='word_1_1' title='bbox 491 221 732 325; x_wconf 77' lang='lat' dir='ltr'>l&#39;HlLlPPlGA</span> <span class='ocrx_word' id='word_1_2' title='bbox 755 228 899 290; x_wconf 80' lang='lat' dir='ltr'>Pltttts.</span> <span class='ocrx_word' id='word_1_3' title='bbox 1208 233 1247 294; x_wconf 72' lang='lat' dir='ltr'>li</span> 
     </span>
    </p>
   </div>
   <div class='ocr_carea' id='block_1_2' title="bbox 412 515 787 576">
    <p class='ocr_par' dir='ltr' id='par_1_2' title="bbox 412 515 787 576">
     <span class='ocr_line' id='line_1_2' title="bbox 412 515 787 576; baseline -0.008 2"><span class='ocrx_word' id='word_1_4' title='bbox 412 541 420 549; x_wconf 93' lang='lat'><strong>·</strong></span> <span class='ocrx_word' id='word_1_5' title='bbox 461 549 465 560; x_wconf 93' lang='lat'>·</span> <span class='ocrx_word' id='word_1_6' title='bbox 616 515 787 576; x_wconf 74' lang='lat' dir='ltr'>Ll‘l&#39;ERAE.</span> 
     </span>
    </p>
   </div>
   <div class='ocr_carea' id='block_1_3' title="bbox 146 633 1336 940">
    <p class='ocr_par' dir='ltr' id='par_1_3' title="bbox 146 633 1336 940">
     <span class='ocr_line' id='line_1_3' title="bbox 148 633 1336 756; baseline 0.006 -22"><span class='ocrx_word' id='word_1_7' title='bbox 148 711 153 724; x_wconf 86' lang='lat'><strong>·</strong></span> <span class='ocrx_word' id='word_1_8' title='bbox 191 639 238 736; x_wconf 62' lang='lat'>14&#39;.</span> <span class='ocrx_word' id='word_1_9' title='bbox 260 672 334 740; x_wconf 81' lang='lat' dir='ltr'>Haee</span> <span class='ocrx_word' id='word_1_10' title='bbox 349 639 557 750; x_wconf 79' lang='lat' dir='ltr'>lithenienses,</span> <span class='ocrx_word' id='word_1_11' title='bbox 570 695 637 756; x_wconf 84' lang='lat' dir='ltr'>quse</span> <span class='ocrx_word' id='word_1_12' title='bbox 646 677 724 738; x_wconf 81' lang='lat' dir='ltr'>lecta</span> <span class='ocrx_word' id='word_1_13' title='bbox 733 685 813 748; x_wconf 83' lang='lat' dir='ltr'>sunt,</span> <span class='ocrx_word' id='word_1_14' title='bbox 828 695 898 738; x_wconf 79' lang='lat' dir='ltr'>rere</span> <span class='ocrx_word' id='word_1_15' title='bbox 908 676 1049 756; x_wconf 85' lang='lat' dir='ltr'>pleraque</span> <span class='ocrx_word' id='word_1_16' title='bbox 1067 633 1148 751; x_wconf 78' lang='lat' dir='ltr'>suot,</span> <span class='ocrx_word' id='word_1_17' title='bbox 1160 697 1248 740; x_wconf 87' lang='lat' dir='ltr'>secus</span> <span class='ocrx_word' id='word_1_18' title='bbox 1333 709 1336 714; x_wconf 96' lang='lat'>·</span> 
     </span>
     <span class='ocr_line' id='line_1_4' title="bbox 147 769 1250 847; baseline 0.005 -23"><span class='ocrx_word' id='word_1_19' title='bbox 147 785 239 844; x_wconf 82' lang='lat' dir='ltr'>qnam</span> <span class='ocrx_word' id='word_1_20' title='bbox 261 787 328 832; x_wconf 87' lang='lat' dir='ltr'>esse</span> <span class='ocrx_word' id='word_1_21' title='bbox 347 771 490 838; x_wconf 62' lang='lat' dir='ltr'>debebam</span> <span class='ocrx_word' id='word_1_22' title='bbox 512 789 570 830; x_wconf 86' lang='lat' dir='ltr'>non</span> <span class='ocrx_word' id='word_1_23' title='bbox 585 781 682 830; x_wconf 88' lang='lat' dir='ltr'>autem</span> <span class='ocrx_word' id='word_1_24' title='bbox 695 769 957 847; x_wconf 82' lang='lat' dir='ltr'>tortassejucunds</span> <span class='ocrx_word' id='word_1_25' title='bbox 969 779 1039 832; x_wconf 88' lang='lat' dir='ltr'>sunt</span> <span class='ocrx_word' id='word_1_26' title='bbox 1050 769 1162 833; x_wconf 79' lang='lat' dir='ltr'>audiar.</span> <span class='ocrx_word' id='word_1_27' title='bbox 1184 770 1250 830; x_wconf 89' lang='lat' dir='ltr'>Ve·&#39;</span> 
     </span>
     <span class='ocr_line' id='line_1_5' title="bbox 146 860 1249 940; baseline 0.005 -24"><span class='ocrx_word' id='word_1_28' title='bbox 146 877 212 918; x_wconf 90' lang='lat' dir='ltr'>rum</span> <span class='ocrx_word' id='word_1_29' title='bbox 224 860 249 920; x_wconf 85' lang='lat' dir='ltr'>sl</span> <span class='ocrx_word' id='word_1_30' title='bbox 262 863 371 933; x_wconf 85' lang='lat' dir='ltr'>omnia,</span> <span class='ocrx_word' id='word_1_31' title='bbox 384 882 451 940; x_wconf 71' lang='lat' dir='ltr'>qum</span> <span class='ocrx_word' id='word_1_32' title='bbox 465 861 595 922; x_wconf 82' lang='lat' dir='ltr'>orsu‘one</span> <span class='ocrx_word' id='word_1_33' title='bbox 608 861 671 939; x_wconf 89' lang='lat' dir='ltr'>quir</span> <span class='ocrx_word' id='word_1_34' title='bbox 685 861 933 940; x_wconf 69' lang='lat' dir='ltr'>praetergreditur,</span> <span class='ocrx_word' id='word_1_35' title='bbox 946 881 984 922; x_wconf 90' lang='lat' dir='ltr'>ne</span> <span class='ocrx_word' id='word_1_36' title='bbox 996 860 1161 926; x_wconf 81' lang='lat' dir='ltr'>molestiam</span> <span class='ocrx_word' id='word_1_37' title='bbox 1174 862 1249 922; x_wconf 80' lang='lat' dir='ltr'>affe·</span> 
     </span>
    </p>
   </div>
   <div class='ocr_carea' id='block_1_4' title="bbox 26 953 1247 1033">
    <p class='ocr_par' dir='ltr' id='par_1_4' title="bbox 26 953 1247 1033">
     <span class='ocr_line' id='line_1_6' title="bbox 26 953 1247 1033; baseline 0.005 -24"><span class='ocrx_word' id='word_1_38' title='bbox 26 1023 27 1032; x_wconf 9' lang='grc' dir='ltr'>ἵ</span> <span class='ocrx_word' id='word_1_39' title='bbox 145 953 965 1033; x_wconf 78' lang='lat' dir='ltr'>rant,reetismremprretergredieutur,adrpluptatem</span> <span class='ocrx_word' id='word_1_40' title='bbox 973 955 1247 1022; x_wconf 72' lang='lat' dir='ltr'>audientismomci·</span> 
     </span>
    </p>
   </div>
   <div class='ocr_carea' id='block_1_5' title="bbox 106 1044 1324 4469">
    <p class='ocr_par' dir='ltr' id='par_1_5' title="bbox 106 1044 1324 4469">
     <span class='ocr_line' id='line_1_7' title="bbox 146 1044 1250 1126; baseline 0.01 -24"><span class='ocrx_word' id='word_1_41' title='bbox 146 1059 221 1102; x_wconf 85' lang='lat' dir='ltr'>ones</span> <span class='ocrx_word' id='word_1_42' title='bbox 232 1044 419 1108; x_wconf 79' lang='lat' dir='ltr'>instituendae</span> <span class='ocrx_word' id='word_1_43' title='bbox 429 1056 516 1106; x_wconf 85' lang='lat' dir='ltr'>suut:</span> <span class='ocrx_word' id='word_1_44' title='bbox 529 1047 574 1106; x_wconf 86' lang='lat' dir='ltr'>sin</span> <span class='ocrx_word' id='word_1_45' title='bbox 584 1045 907 1121; x_wconf 81' lang='lat' dir='ltr'>orationisjrrcunditas‚</span> <span class='ocrx_word' id='word_1_46' title='bbox 918 1046 1013 1114; x_wconf 84' lang='lat' dir='ltr'>alieno</span> <span class='ocrx_word' id='word_1_47' title='bbox 1022 1057 1250 1126; x_wconf 63' lang='lat' dir='ltr'>temperemus</span> 
     </span>
     <span class='ocr_line' id='line_1_8' title="bbox 145 1127 1246 1218; baseline 0.004 -22"><span class='ocrx_word' id='word_1_48' title='bbox 145 1145 229 1212; x_wconf 84' lang='lat' dir='ltr'>pata,</span> <span class='ocrx_word' id='word_1_49' title='bbox 242 1139 334 1218; x_wconf 85' lang='lat' dir='ltr'>reipsa</span> <span class='ocrx_word' id='word_1_50' title='bbox 343 1139 482 1200; x_wconf 66' lang='lat' dir='ltr'>munuum</span> <span class='ocrx_word' id='word_1_51' title='bbox 492 1139 533 1210; x_wconf 84' lang='lat' dir='ltr'>lit,</span> <span class='ocrx_word' id='word_1_52' title='bbox 543 1149 628 1217; x_wconf 80' lang='lat' dir='ltr'>turpe</span> <span class='ocrx_word' id='word_1_53' title='bbox 636 1148 690 1208; x_wconf 89' lang='lat' dir='ltr'>est,</span> <span class='ocrx_word' id='word_1_54' title='bbox 699 1127 902 1210; x_wconf 76' lang='lat' dir='ltr'>Atlienienres,</span> <span class='ocrx_word' id='word_1_55' title='bbox 913 1137 1086 1218; x_wconf 85' lang='lat' dir='ltr'>semetipsos</span> <span class='ocrx_word' id='word_1_56' title='bbox 1100 1139 1246 1218; x_wconf 77' lang='lat' dir='ltr'>decipere,</span> 
     </span>
     <span class='ocr_line' id='line_1_9' title="bbox 146 1229 1247 1310; baseline 0.005 -23"><span class='ocrx_word' id='word_1_57' title='bbox 146 1235 180 1288; x_wconf 81' lang='lat' dir='ltr'>et</span> <span class='ocrx_word' id='word_1_58' title='bbox 195 1245 233 1288; x_wconf 86' lang='lat' dir='ltr'>es</span> <span class='ocrx_word' id='word_1_59' title='bbox 245 1231 344 1292; x_wconf 87' lang='lat' dir='ltr'>omnis</span> <span class='ocrx_word' id='word_1_60' title='bbox 356 1251 422 1310; x_wconf 85' lang='lat' dir='ltr'>quas</span> <span class='ocrx_word' id='word_1_61' title='bbox 437 1231 560 1292; x_wconf 83' lang='lat' dir='ltr'>moleste</span> <span class='ocrx_word' id='word_1_62' title='bbox 570 1241 650 1302; x_wconf 85' lang='lat' dir='ltr'>sunt,</span> <span class='ocrx_word' id='word_1_63' title='bbox 663 1229 836 1301; x_wconf 82' lang='lat' dir='ltr'>differendo,</span> <span class='ocrx_word' id='word_1_64' title='bbox 851 1230 1000 1308; x_wconf 76' lang='lat' dir='ltr'>negligere</span> <span class='ocrx_word' id='word_1_65' title='bbox 1012 1250 1116 1292; x_wconf 86' lang='lat' dir='ltr'>omues</span> <span class='ocrx_word' id='word_1_66' title='bbox 1134 1232 1175 1292; x_wconf 87' lang='lat' dir='ltr'>rei</span> <span class='ocrx_word' id='word_1_67' title='bbox 1192 1251 1247 1310; x_wconf 72' lang='lat' dir='ltr'>ge·</span> 
     </span>
     <span class='ocr_line' id='line_1_10' title="bbox 145 1320 1247 1401; baseline 0.006 -24"><span class='ocrx_word' id='word_1_68' title='bbox 145 1320 249 1380; x_wconf 83' lang='lat' dir='ltr'>rendre</span> <span class='ocrx_word' id='word_1_69' title='bbox 260 1323 449 1394; x_wconf 67' lang='lat' dir='ltr'>occasionesr</span> <span class='ocrx_word' id='word_1_70' title='bbox 471 1341 507 1382; x_wconf 88' lang='lat' dir='ltr'>sc</span> <span class='ocrx_word' id='word_1_71' title='bbox 517 1343 556 1382; x_wconf 91' lang='lat' dir='ltr'>ne</span> <span class='ocrx_word' id='word_1_72' title='bbox 569 1322 643 1382; x_wconf 91' lang='lat' dir='ltr'>illud</span> <span class='ocrx_word' id='word_1_73' title='bbox 656 1322 774 1400; x_wconf 90' lang='lat' dir='ltr'>quidem</span> <span class='ocrx_word' id='word_1_74' title='bbox 785 1341 872 1401; x_wconf 92' lang='lat' dir='ltr'>posse</span> <span class='ocrx_word' id='word_1_75' title='bbox 881 1320 1055 1398; x_wconf 78' lang='lat' dir='ltr'>intelligere,</span> <span class='ocrx_word' id='word_1_76' title='bbox 1068 1341 1169 1383; x_wconf 86' lang='lat' dir='ltr'>eorum</span> <span class='ocrx_word' id='word_1_77' title='bbox 1181 1343 1247 1384; x_wconf 89' lang='lat' dir='ltr'>esse</span> 
     </span>
     <span class='ocr_line' id='line_1_11' title="bbox 144 1411 1250 1489; baseline 0.006 -21"><span class='ocrx_word' id='word_1_78' title='bbox 144 1411 199 1488; x_wconf 90' lang='lat' dir='ltr'>qui</span> <span class='ocrx_word' id='word_1_79' title='bbox 212 1421 292 1472; x_wconf 85' lang='lat' dir='ltr'>recte</span> <span class='ocrx_word' id='word_1_80' title='bbox 304 1414 414 1474; x_wconf 90' lang='lat' dir='ltr'>bellum</span> <span class='ocrx_word' id='word_1_81' title='bbox 427 1413 642 1483; x_wconf 85' lang='lat' dir='ltr'>administrant,</span> <span class='ocrx_word' id='word_1_82' title='bbox 652 1432 712 1473; x_wconf 87' lang='lat' dir='ltr'>non</span> <span class='ocrx_word' id='word_1_83' title='bbox 726 1413 810 1489; x_wconf 85' lang='lat' dir='ltr'>sequi</span> <span class='ocrx_word' id='word_1_84' title='bbox 819 1431 877 1484; x_wconf 88' lang='lat' dir='ltr'>res,</span> <span class='ocrx_word' id='word_1_85' title='bbox 887 1411 941 1472; x_wconf 88' lang='lat' dir='ltr'>sed</span> <span class='ocrx_word' id='word_1_86' title='bbox 954 1413 1041 1472; x_wconf 87' lang='lat' dir='ltr'>rebus</span> <span class='ocrx_word' id='word_1_87' title='bbox 1051 1415 1250 1484; x_wconf 68' lang='lat' dir='ltr'>antecederet</span> 
     </span>
     <span class='ocr_line' id='line_1_12' title="bbox 146 1503 1250 1586; baseline 0.006 -26"><span class='ocrx_word' id='word_1_88' title='bbox 146 1511 181 1561; x_wconf 88' lang='lat' dir='ltr'>et</span> <span class='ocrx_word' id='word_1_89' title='bbox 193 1504 440 1580; x_wconf 72' lang='lat' dir='ltr'><strong>quemadmodum</strong></span> <span class='ocrx_word' id='word_1_90' title='bbox 452 1505 590 1566; x_wconf 85' lang='lat' dir='ltr'>exercitui</span> <span class='ocrx_word' id='word_1_91' title='bbox 603 1513 724 1564; x_wconf 88' lang='lat' dir='ltr'>censeat</span> <span class='ocrx_word' id='word_1_92' title='bbox 742 1503 847 1582; x_wconf 87' lang='lat' dir='ltr'>aliquis</span> <span class='ocrx_word' id='word_1_93' title='bbox 857 1504 963 1564; x_wconf 87' lang='lat' dir='ltr'>ducem</span> <span class='ocrx_word' id='word_1_94' title='bbox 977 1503 1142 1584; x_wconf 73' lang='lat' dir='ltr'>precedere</span> <span class='ocrx_word' id='word_1_95' title='bbox 1162 1525 1250 1586; x_wconf 89' lang='lat' dir='ltr'>opor·</span> 
     </span>
     <span class='ocr_line' id='line_1_13' title="bbox 145 1587 1251 1678; baseline 0.006 -25"><span class='ocrx_word' id='word_1_96' title='bbox 145 1587 220 1665; x_wconf 82' lang='lat' dir='ltr'>tare,</span> <span class='ocrx_word' id='word_1_97' title='bbox 233 1594 276 1654; x_wconf 86' lang='lat' dir='ltr'>its</span> <span class='ocrx_word' id='word_1_98' title='bbox 288 1603 321 1656; x_wconf 89' lang='lat' dir='ltr'>et</span> <span class='ocrx_word' id='word_1_99' title='bbox 333 1597 459 1676; x_wconf 82' lang='lat' dir='ltr'>negotiis</span> <span class='ocrx_word' id='word_1_100' title='bbox 472 1597 609 1658; x_wconf 77' lang='lat' dir='ltr'><strong>cordatos</strong></span> <span class='ocrx_word' id='word_1_101' title='bbox 623 1595 766 1670; x_wconf 85' lang='lat' dir='ltr'>homines,</span> <span class='ocrx_word' id='word_1_102' title='bbox 780 1607 813 1654; x_wconf 93' lang='lat' dir='ltr'>ut</span> <span class='ocrx_word' id='word_1_103' title='bbox 825 1615 894 1674; x_wconf 79' lang='lat' dir='ltr'>quse</span> <span class='ocrx_word' id='word_1_104' title='bbox 905 1597 978 1675; x_wconf 85' lang='lat' dir='ltr'>ipsis</span> <span class='ocrx_word' id='word_1_105' title='bbox 992 1597 1055 1656; x_wconf 83' lang='lat' dir='ltr'>risa</span> <span class='ocrx_word' id='word_1_106' title='bbox 1067 1596 1181 1668; x_wconf 86' lang='lat' dir='ltr'>fuerint,</span> <span class='ocrx_word' id='word_1_107' title='bbox 1194 1619 1251 1678; x_wconf 75' lang='lat' dir='ltr'>ge·</span> 
     </span>
     <span class='ocr_line' id='line_1_14' title="bbox 146 1687 1250 1767; baseline 0.008 -25"><span class='ocrx_word' id='word_1_108' title='bbox 146 1696 261 1760; x_wconf 80' lang='lat' dir='ltr'>rantur,</span> <span class='ocrx_word' id='word_1_109' title='bbox 278 1707 338 1748; x_wconf 86' lang='lat' dir='ltr'>non</span> <span class='ocrx_word' id='word_1_110' title='bbox 354 1699 387 1748; x_wconf 90' lang='lat' dir='ltr'>ut</span> <span class='ocrx_word' id='word_1_111' title='bbox 399 1697 535 1748; x_wconf 85' lang='lat' dir='ltr'>eventum</span> <span class='ocrx_word' id='word_1_112' title='bbox 549 1688 631 1767; x_wconf 88' lang='lat' dir='ltr'>sequi</span> <span class='ocrx_word' id='word_1_113' title='bbox 645 1707 764 1748; x_wconf 88' lang='lat' dir='ltr'>necesse</span> <span class='ocrx_word' id='word_1_114' title='bbox 778 1687 915 1748; x_wconf 81' lang='lat' dir='ltr'>babeant.</span> <span class='ocrx_word' id='word_1_115' title='bbox 956 1687 1018 1748; x_wconf 91' lang='lat' dir='ltr'>Vos</span> <span class='ocrx_word' id='word_1_116' title='bbox 1030 1700 1141 1762; x_wconf 80' lang='lat' dir='ltr'>autem,</span> <span class='ocrx_word' id='word_1_117' title='bbox 1153 1691 1250 1752; x_wconf 81' lang='lat' dir='ltr'>Athe-</span> 
     </span>
     <span class='ocr_line' id='line_1_15' title="bbox 145 1777 1250 1862; baseline 0.007 -26"><span class='ocrx_word' id='word_1_118' title='bbox 145 1777 272 1852; x_wconf 87' lang='lat' dir='ltr'>nienses,</span> <span class='ocrx_word' id='word_1_119' title='bbox 288 1799 354 1841; x_wconf 90' lang='lat' dir='ltr'>cum</span> <span class='ocrx_word' id='word_1_120' title='bbox 369 1780 467 1860; x_wconf 87' lang='lat' dir='ltr'>copias</span> <span class='ocrx_word' id='word_1_121' title='bbox 490 1780 624 1841; x_wconf 85' lang='lat' dir='ltr'>babeatis</span> <span class='ocrx_word' id='word_1_122' title='bbox 645 1781 775 1840; x_wconf 88' lang='lat' dir='ltr'>omnium</span> <span class='ocrx_word' id='word_1_123' title='bbox 787 1779 940 1852; x_wconf 85' lang='lat' dir='ltr'>maximas,</span> <span class='ocrx_word' id='word_1_124' title='bbox 953 1781 1095 1853; x_wconf 86' lang='lat' dir='ltr'>triremes,</span> <span class='ocrx_word' id='word_1_125' title='bbox 1108 1782 1250 1862; x_wconf 73' lang='lat' dir='ltr'>legionen,</span> 
     </span>
     <span class='ocr_line' id='line_1_16' title="bbox 145 1872 1250 1952; baseline 0.007 -24"><span class='ocrx_word' id='word_1_126' title='bbox 145 1872 270 1949; x_wconf 89' lang='lat' dir='ltr'>equites,</span> <span class='ocrx_word' id='word_1_127' title='bbox 280 1873 414 1952; x_wconf 78' lang='lat' dir='ltr'>pecunias</span> <span class='ocrx_word' id='word_1_128' title='bbox 427 1873 551 1944; x_wconf 83' lang='lat' dir='ltr'>reditus,</span> <span class='ocrx_word' id='word_1_129' title='bbox 562 1874 666 1932; x_wconf 87' lang='lat' dir='ltr'>barum</span> <span class='ocrx_word' id='word_1_130' title='bbox 681 1874 800 1952; x_wconf 86' lang='lat' dir='ltr'>quidem</span> <span class='ocrx_word' id='word_1_131' title='bbox 812 1892 908 1933; x_wconf 89' lang='lat' dir='ltr'>rerum</span> <span class='ocrx_word' id='word_1_132' title='bbox 921 1872 951 1933; x_wconf 88' lang='lat' dir='ltr'>in</span> <span class='ocrx_word' id='word_1_133' title='bbox 965 1872 1043 1934; x_wconf 82' lang='lat' dir='ltr'>hunc</span> <span class='ocrx_word' id='word_1_134' title='bbox 1063 1894 1157 1952; x_wconf 88' lang='lat' dir='ltr'>usque</span> <span class='ocrx_word' id='word_1_135' title='bbox 1168 1875 1250 1936; x_wconf 82' lang='lat' dir='ltr'>diem</span> 
     </span>
     <span class='ocr_line' id='line_1_17' title="bbox 146 1963 1254 2044; baseline 0.005 -23"><span class='ocrx_word' id='word_1_136' title='bbox 146 1963 231 2038; x_wconf 82' lang='lat' dir='ltr'>pulla</span> <span class='ocrx_word' id='word_1_137' title='bbox 240 1983 366 2042; x_wconf 87' lang='lat' dir='ltr'>unquam</span> <span class='ocrx_word' id='word_1_138' title='bbox 380 1975 544 2044; x_wconf 81' lang='lat' dir='ltr'>opportune</span> <span class='ocrx_word' id='word_1_139' title='bbox 553 1965 623 2024; x_wconf 89' lang='lat' dir='ltr'>estis</span> <span class='ocrx_word' id='word_1_140' title='bbox 636 1965 690 2038; x_wconf 86' lang='lat' dir='ltr'>uri,</span> <span class='ocrx_word' id='word_1_141' title='bbox 704 1977 734 2024; x_wconf 88' lang='lat' dir='ltr'>et</span> <span class='ocrx_word' id='word_1_142' title='bbox 747 1964 892 2024; x_wconf 87' lang='lat' dir='ltr'>neminem</span> <span class='ocrx_word' id='word_1_143' title='bbox 904 1984 964 2024; x_wconf 87' lang='lat' dir='ltr'>non</span> <span class='ocrx_word' id='word_1_144' title='bbox 978 1965 1143 2044; x_wconf 65' lang='lat' dir='ltr'>sequimini,</span> <span class='ocrx_word' id='word_1_145' title='bbox 1168 1967 1205 2041; x_wconf 78' lang='lat' dir='ltr'>Et</span> <span class='ocrx_word' id='word_1_146' title='bbox 1215 1978 1254 2032; x_wconf 86' lang='lat' dir='ltr'>ut</span> 
     </span>
     <span class='ocr_line' id='line_1_18' title="bbox 147 2048 1251 2139; baseline 0.005 -25"><span class='ocrx_word' id='word_1_147' title='bbox 147 2057 267 2128; x_wconf 82' lang='lat' dir='ltr'>barbari</span> <span class='ocrx_word' id='word_1_148' title='bbox 279 2055 390 2134; x_wconf 81' lang='lat' dir='ltr'>pugiles</span> <span class='ocrx_word' id='word_1_149' title='bbox 405 2056 542 2116; x_wconf 85' lang='lat' dir='ltr'>dimicare</span> <span class='ocrx_word' id='word_1_150' title='bbox 552 2056 656 2126; x_wconf 80' lang='lat' dir='ltr'>solent,</span> <span class='ocrx_word' id='word_1_151' title='bbox 670 2057 710 2116; x_wconf 84' lang='lat' dir='ltr'>ita</span> <span class='ocrx_word' id='word_1_152' title='bbox 722 2048 782 2116; x_wconf 66' lang='lat' dir='ltr'>uos¹</span> <span class='ocrx_word' id='word_1_153' title='bbox 792 2056 901 2115; x_wconf 91' lang='lat' dir='ltr'>bellum</span> <span class='ocrx_word' id='word_1_154' title='bbox 912 2057 1013 2134; x_wconf 77' lang='lat' dir='ltr'>geritis</span> <span class='ocrx_word' id='word_1_155' title='bbox 1025 2079 1093 2118; x_wconf 89' lang='lat' dir='ltr'>cum</span> <span class='ocrx_word' id='word_1_156' title='bbox 1102 2059 1251 2139; x_wconf 68' lang='lat' dir='ltr'>Philippa</span> 
     </span>
     <span class='ocr_line' id='line_1_19' title="bbox 148 2145 1286 2228; baseline 0.007 -23"><span class='ocrx_word' id='word_1_157' title='bbox 148 2147 199 2205; x_wconf 88' lang='lat' dir='ltr'>Ex</span> <span class='ocrx_word' id='word_1_158' title='bbox 208 2145 244 2206; x_wconf 88' lang='lat' dir='ltr'>iis</span> <span class='ocrx_word' id='word_1_159' title='bbox 254 2145 340 2218; x_wconf 86' lang='lat' dir='ltr'>enim,</span> <span class='ocrx_word' id='word_1_160' title='bbox 354 2147 378 2206; x_wconf 91' lang='lat' dir='ltr'>is</span> <span class='ocrx_word' id='word_1_161' title='bbox 393 2146 443 2226; x_wconf 89' lang='lat' dir='ltr'>qui</span> <span class='ocrx_word' id='word_1_162' title='bbox 455 2146 528 2206; x_wconf 87' lang='lat' dir='ltr'>ictus</span> <span class='ocrx_word' id='word_1_163' title='bbox 541 2159 595 2216; x_wconf 85' lang='lat' dir='ltr'>est,</span> <span class='ocrx_word' id='word_1_164' title='bbox 606 2147 676 2206; x_wconf 88' lang='lat' dir='ltr'>ictui</span> <span class='ocrx_word' id='word_1_165' title='bbox 690 2167 805 2224; x_wconf 82' lang='lat' dir='ltr'>semper</span> <span class='ocrx_word' id='word_1_166' title='bbox 815 2148 955 2214; x_wconf 67' lang='lat' dir='ltr'>atteudbr</span> <span class='ocrx_word' id='word_1_167' title='bbox 976 2147 1091 2228; x_wconf 90' lang='lat' dir='ltr'>quodsi</span> <span class='ocrx_word' id='word_1_168' title='bbox 1103 2151 1253 2214; x_wconf 83' lang='lat' dir='ltr'>eumalibi</span> <span class='ocrx_word' id='word_1_169' title='bbox 1283 2161 1286 2164; x_wconf 80' lang='grc'><strong><em>’</em></strong></span> 
     </span>
     <span class='ocr_line' id='line_1_20' title="bbox 144 2238 1252 2316; baseline 0.005 -18"><span class='ocrx_word' id='word_1_170' title='bbox 144 2239 295 2310; x_wconf 84' lang='lat' dir='ltr'>verberes,</span> <span class='ocrx_word' id='word_1_171' title='bbox 317 2239 366 2298; x_wconf 91' lang='lat' dir='ltr'>illo</span> <span class='ocrx_word' id='word_1_172' title='bbox 384 2259 488 2298; x_wconf 87' lang='lat' dir='ltr'>manus</span> <span class='ocrx_word' id='word_1_173' title='bbox 512 2238 666 2298; x_wconf 78' lang='lat' dir='ltr'>transfert:</span> <span class='ocrx_word' id='word_1_174' title='bbox 691 2239 782 2298; x_wconf 88' lang='lat' dir='ltr'>ictum</span> <span class='ocrx_word' id='word_1_175' title='bbox 802 2249 900 2298; x_wconf 83' lang='lat' dir='ltr'>autem</span> <span class='ocrx_word' id='word_1_176' title='bbox 913 2239 1070 2316; x_wconf 83' lang='lat' dir='ltr'>depellere,</span> <span class='ocrx_word' id='word_1_177' title='bbox 1083 2253 1135 2301; x_wconf 87' lang='lat' dir='ltr'>aut</span> <span class='ocrx_word' id='word_1_178' title='bbox 1146 2256 1252 2304; x_wconf 78' lang='lat' dir='ltr'>contra</span> 
     </span>
     <span class='ocr_line' id='line_1_21' title="bbox 146 2328 1252 2410; baseline 0.002 -18"><span class='ocrx_word' id='word_1_179' title='bbox 146 2331 264 2405; x_wconf 88' lang='lat' dir='ltr'>intueri,</span> <span class='ocrx_word' id='word_1_180' title='bbox 278 2351 371 2409; x_wconf 89' lang='lat' dir='ltr'>neque</span> <span class='ocrx_word' id='word_1_181' title='bbox 386 2331 453 2402; x_wconf 85' lang='lat' dir='ltr'>scit,</span> <span class='ocrx_word' id='word_1_182' title='bbox 466 2350 562 2410; x_wconf 88' lang='lat' dir='ltr'>neque</span> <span class='ocrx_word' id='word_1_183' title='bbox 575 2330 647 2391; x_wconf 81' lang='lat' dir='ltr'>uult.</span> <span class='ocrx_word' id='word_1_184' title='bbox 689 2329 737 2388; x_wconf 82' lang='lat' dir='ltr'>lte</span> <span class='ocrx_word' id='word_1_185' title='bbox 757 2339 787 2391; x_wconf 87' lang='lat' dir='ltr'>ct</span> <span class='ocrx_word' id='word_1_186' title='bbox 805 2344 869 2399; x_wconf 82' lang='lat' dir='ltr'>ros,</span> <span class='ocrx_word' id='word_1_187' title='bbox 891 2328 916 2388; x_wconf 89' lang='lat' dir='ltr'>si</span> <span class='ocrx_word' id='word_1_188' title='bbox 935 2349 1001 2390; x_wconf 87' lang='lat' dir='ltr'>esse</span> <span class='ocrx_word' id='word_1_189' title='bbox 1013 2329 1044 2389; x_wconf 88' lang='lat' dir='ltr'>in</span> <span class='ocrx_word' id='word_1_190' title='bbox 1067 2332 1252 2396; x_wconf 71' lang='lat' dir='ltr'>Chersoneso</span> 
     </span>
     <span class='ocr_line' id='line_1_22' title="bbox 149 2421 1252 2510; baseline 0.003 -26"><span class='ocrx_word' id='word_1_191' title='bbox 149 2423 318 2503; x_wconf 85' lang='lat' dir='ltr'>Philippum</span> <span class='ocrx_word' id='word_1_192' title='bbox 332 2423 451 2494; x_wconf 83' lang='lat' dir='ltr'>audiu’s,</span> <span class='ocrx_word' id='word_1_193' title='bbox 464 2421 534 2482; x_wconf 89' lang='lat' dir='ltr'>illuc</span> <span class='ocrx_word' id='word_1_194' title='bbox 554 2421 698 2482; x_wconf 85' lang='lat' dir='ltr'>mittenda</span> <span class='ocrx_word' id='word_1_195' title='bbox 717 2441 784 2482; x_wconf 84' lang='lat' dir='ltr'>esse</span> <span class='ocrx_word' id='word_1_196' title='bbox 795 2422 906 2482; x_wconf 85' lang='lat' dir='ltr'>auxilia</span> <span class='ocrx_word' id='word_1_197' title='bbox 916 2422 1090 2492; x_wconf 87' lang='lat' dir='ltr'>decernitis;</span> <span class='ocrx_word' id='word_1_198' title='bbox 1111 2425 1179 2486; x_wconf 86' lang='lat' dir='ltr'>siin</span> <span class='ocrx_word' id='word_1_199' title='bbox 1193 2427 1252 2510; x_wconf 74' lang='lat' dir='ltr'>Py·</span> 
     </span>
     <span class='ocr_line' id='line_1_23' title="bbox 147 2515 1251 2597; baseline 0.002 -20"><span class='ocrx_word' id='word_1_200' title='bbox 147 2518 196 2593; x_wconf 88' lang='lat' dir='ltr'>lis,</span> <span class='ocrx_word' id='word_1_201' title='bbox 216 2518 303 2588; x_wconf 87' lang='lat' dir='ltr'>illuc;</span> <span class='ocrx_word' id='word_1_202' title='bbox 324 2518 348 2577; x_wconf 88' lang='lat' dir='ltr'>si</span> <span class='ocrx_word' id='word_1_203' title='bbox 368 2517 436 2579; x_wconf 86' lang='lat' dir='ltr'>alibi</span> <span class='ocrx_word' id='word_1_204' title='bbox 450 2517 574 2597; x_wconf 82' lang='lat' dir='ltr'>uspiam,</span> <span class='ocrx_word' id='word_1_205' title='bbox 595 2515 782 2575; x_wconf 86' lang='lat' dir='ltr'>assectamini</span> <span class='ocrx_word' id='word_1_206' title='bbox 804 2536 919 2577; x_wconf 91' lang='lat' dir='ltr'>sursum</span> <span class='ocrx_word' id='word_1_207' title='bbox 934 2515 1081 2577; x_wconf 84' lang='lat' dir='ltr'>deorsum.</span> <span class='ocrx_word' id='word_1_208' title='bbox 1121 2518 1160 2579; x_wconf 88' lang='lat' dir='ltr'>Et</span> <span class='ocrx_word' id='word_1_209' title='bbox 1172 2540 1251 2595; x_wconf 75' lang='lat' dir='ltr'>eum,</span> 
     </span>
     <span class='ocr_line' id='line_1_24' title="bbox 148 2608 1252 2693; baseline 0.004 -22"><span class='ocrx_word' id='word_1_210' title='bbox 148 2622 187 2671; x_wconf 91' lang='lat' dir='ltr'>ut</span> <span class='ocrx_word' id='word_1_211' title='bbox 206 2609 310 2681; x_wconf 83' lang='lat' dir='ltr'>ducem</span> <span class='ocrx_word' id='word_1_212' title='bbox 333 2611 450 2681; x_wconf 80' lang='lat' dir='ltr'>milites,</span> <span class='ocrx_word' id='word_1_213' title='bbox 474 2608 645 2693; x_wconf 85' lang='lat' dir='ltr'>sequimini;</span> <span class='ocrx_word' id='word_1_214' title='bbox 667 2628 762 2688; x_wconf 89' lang='lat' dir='ltr'>neque</span> <span class='ocrx_word' id='word_1_215' title='bbox 784 2608 877 2668; x_wconf 89' lang='lat' dir='ltr'>ullum</span> <span class='ocrx_word' id='word_1_216' title='bbox 898 2608 969 2668; x_wconf 84' lang='lat' dir='ltr'>utile</span> <span class='ocrx_word' id='word_1_217' title='bbox 987 2608 1025 2669; x_wconf 88' lang='lat' dir='ltr'>de</span> <span class='ocrx_word' id='word_1_218' title='bbox 1048 2611 1117 2671; x_wconf 89' lang='lat' dir='ltr'>belli</span> <span class='ocrx_word' id='word_1_219' title='bbox 1129 2616 1252 2689; x_wconf 79' lang='lat' dir='ltr'>gerendi</span> 
     </span>
     <span class='ocr_line' id='line_1_25' title="bbox 152 2696 1252 2785; baseline 0.005 -23"><span class='ocrx_word' id='word_1_220' title='bbox 152 2696 268 2763; x_wconf 73' lang='lat' dir='ltr'>tatione</span> <span class='ocrx_word' id='word_1_221' title='bbox 292 2701 446 2763; x_wconf 90' lang='lat' dir='ltr'>consilium</span> <span class='ocrx_word' id='word_1_222' title='bbox 475 2701 643 2781; x_wconf 77' lang='lat' dir='ltr'>initisipsi,</span> <span class='ocrx_word' id='word_1_223' title='bbox 658 2720 767 2785; x_wconf 28' lang='lat' dir='ltr'>&#39;neque</span> <span class='ocrx_word' id='word_1_224' title='bbox 792 2702 871 2781; x_wconf 91' lang='lat' dir='ltr'>prius</span> <span class='ocrx_word' id='word_1_225' title='bbox 902 2700 1058 2781; x_wconf 87' lang='lat' dir='ltr'>quicquam</span> <span class='ocrx_word' id='word_1_226' title='bbox 1075 2707 1252 2785; x_wconf 86' lang='lat' dir='ltr'>prospicitis,</span> 
     </span>
     <span class='ocr_line' id='line_1_26' title="bbox 150 2786 1250 2875; baseline 0.008 -22"><span class='ocrx_word' id='word_1_227' title='bbox 150 2814 242 2875; x_wconf 85' lang='lat' dir='ltr'>quam</span> <span class='ocrx_word' id='word_1_228' title='bbox 256 2805 308 2856; x_wconf 90' lang='lat' dir='ltr'>aut</span> <span class='ocrx_word' id='word_1_229' title='bbox 321 2796 430 2855; x_wconf 84' lang='lat' dir='ltr'>lactum</span> <span class='ocrx_word' id='word_1_230' title='bbox 441 2786 507 2855; x_wconf 80' lang='lat' dir='ltr'>esse</span> <span class='ocrx_word' id='word_1_231' title='bbox 518 2792 637 2873; x_wconf 86' lang='lat' dir='ltr'>aliquid,</span> <span class='ocrx_word' id='word_1_232' title='bbox 651 2806 702 2853; x_wconf 90' lang='lat' dir='ltr'>aut</span> <span class='ocrx_word' id='word_1_233' title='bbox 713 2794 775 2853; x_wconf 87' lang='lat' dir='ltr'>lieri</span> <span class='ocrx_word' id='word_1_234' title='bbox 788 2794 923 2853; x_wconf 86' lang='lat' dir='ltr'>audiatis.</span> <span class='ocrx_word' id='word_1_235' title='bbox 944 2793 1009 2853; x_wconf 86' lang='lat' dir='ltr'>Ista</span> <span class='ocrx_word' id='word_1_236' title='bbox 1024 2816 1091 2857; x_wconf 85' lang='lat' dir='ltr'>vero</span> <span class='ocrx_word' id='word_1_237' title='bbox 1105 2799 1165 2859; x_wconf 85' lang='lat' dir='ltr'>lieri</span> <span class='ocrx_word' id='word_1_238' title='bbox 1179 2800 1250 2862; x_wconf 89' lang='lat' dir='ltr'>olim</span> 
     </span>
     <span class='ocr_line' id='line_1_27' title="bbox 150 2885 1252 2969; baseline 0.004 -20"><span class='ocrx_word' id='word_1_239' title='bbox 150 2890 278 2949; x_wconf 78' lang='lat' dir='ltr'>fortasse</span> <span class='ocrx_word' id='word_1_240' title='bbox 298 2900 463 2969; x_wconf 86' lang='lat' dir='ltr'>potuemnt,</span> <span class='ocrx_word' id='word_1_241' title='bbox 484 2908 564 2965; x_wconf 90' lang='lat' dir='ltr'>nunc</span> <span class='ocrx_word' id='word_1_242' title='bbox 586 2888 616 2949; x_wconf 86' lang='lat' dir='ltr'>iu</span> <span class='ocrx_word' id='word_1_243' title='bbox 636 2886 733 2969; x_wconf 90' lang='lat' dir='ltr'>ipsum</span> <span class='ocrx_word' id='word_1_244' title='bbox 754 2885 910 2947; x_wconf 86' lang='lat' dir='ltr'>discrimen</span> <span class='ocrx_word' id='word_1_245' title='bbox 930 2907 1028 2949; x_wconf 88' lang='lat' dir='ltr'>rerum</span> <span class='ocrx_word' id='word_1_246' title='bbox 1050 2900 1170 2951; x_wconf 84' lang='lat' dir='ltr'>rentum</span> <span class='ocrx_word' id='word_1_247' title='bbox 1191 2906 1252 2966; x_wconf 86' lang='lat' dir='ltr'>est,</span> 
     </span>
     <span class='ocr_line' id='line_1_28' title="bbox 150 2982 572 3062; baseline 0.002 -20"><span class='ocrx_word' id='word_1_248' title='bbox 150 3000 243 3062; x_wconf 83' lang='lat' dir='ltr'>quare</span> <span class='ocrx_word' id='word_1_249' title='bbox 257 3002 314 3041; x_wconf 90' lang='lat' dir='ltr'>non</span> <span class='ocrx_word' id='word_1_250' title='bbox 326 2987 388 3058; x_wconf 86' lang='lat' dir='ltr'>jam</span> <span class='ocrx_word' id='word_1_251' title='bbox 403 2982 481 3041; x_wconf 89' lang='lat' dir='ltr'>idem</span> <span class='ocrx_word' id='word_1_252' title='bbox 493 2982 572 3057; x_wconf 75' lang='lat' dir='ltr'>licet</span> 
     </span>
     <span class='ocr_line' id='line_1_29' title="bbox 106 3064 1253 3157; baseline 0.007 -24"><span class='ocrx_word' id='word_1_253' title='bbox 106 3064 115 3085; x_wconf 82' lang='lat'><strong><em>‘</em></strong></span> <span class='ocrx_word' id='word_1_254' title='bbox 198 3077 245 3135; x_wconf 83' lang='lat'>15.</span> <span class='ocrx_word' id='word_1_255' title='bbox 266 3074 388 3135; x_wconf 84' lang='lat' dir='ltr'>Videtur</span> <span class='ocrx_word' id='word_1_256' title='bbox 396 3088 494 3135; x_wconf 89' lang='lat' dir='ltr'>autem</span> <span class='ocrx_word' id='word_1_257' title='bbox 502 3076 582 3151; x_wconf 85' lang='lat' dir='ltr'>mibi,</span> <span class='ocrx_word' id='word_1_258' title='bbox 592 3074 924 3147; x_wconf 86' lang='lat' dir='ltr'>Athenienses‚deorum</span> <span class='ocrx_word' id='word_1_259' title='bbox 936 3075 1144 3157; x_wconf 86' lang='lat' dir='ltr'>aliquis‚quem</span> <span class='ocrx_word' id='word_1_260' title='bbox 1153 3088 1253 3141; x_wconf 74' lang='lat' dir='ltr'>rostra</span> 
     </span>
     <span class='ocr_line' id='line_1_30' title="bbox 150 3153 1324 3249; baseline 0.006 -20"><span class='ocrx_word' id='word_1_261' title='bbox 150 3153 234 3229; x_wconf 82' lang='lat' dir='ltr'>urbis</span> <span class='ocrx_word' id='word_1_262' title='bbox 249 3169 351 3247; x_wconf 63' lang='lat' dir='ltr'>gratia</span> <span class='ocrx_word' id='word_1_263' title='bbox 365 3188 464 3229; x_wconf 88' lang='lat' dir='ltr'>eorum</span> <span class='ocrx_word' id='word_1_264' title='bbox 475 3189 542 3247; x_wconf 79' lang='lat' dir='ltr'>quae</span> <span class='ocrx_word' id='word_1_265' title='bbox 556 3171 639 3243; x_wconf 88' lang='lat' dir='ltr'>fiunt,</span> <span class='ocrx_word' id='word_1_266' title='bbox 648 3170 751 3249; x_wconf 89' lang='lat' dir='ltr'>pudet,</span> <span class='ocrx_word' id='word_1_267' title='bbox 761 3169 841 3229; x_wconf 90' lang='lat' dir='ltr'>illum</span> <span class='ocrx_word' id='word_1_268' title='bbox 850 3188 946 3230; x_wconf 89' lang='lat' dir='ltr'>rerum</span> <span class='ocrx_word' id='word_1_269' title='bbox 956 3167 1150 3249; x_wconf 82' lang='lat' dir='ltr'>gerendarum</span> <span class='ocrx_word' id='word_1_270' title='bbox 1166 3174 1254 3235; x_wconf 79' lang='lat' dir='ltr'>arslo-</span> <span class='ocrx_word' id='word_1_271' title='bbox 1317 3188 1324 3207; x_wconf 83' lang='lat'>¹</span> 
     </span>
     <span class='ocr_line' id='line_1_31' title="bbox 152 3260 1253 3348; baseline 0.004 -25"><span class='ocrx_word' id='word_1_272' title='bbox 152 3282 221 3323; x_wconf 88' lang='lat' dir='ltr'>rem.</span> <span class='ocrx_word' id='word_1_273' title='bbox 229 3261 363 3341; x_wconf 87' lang='lat' dir='ltr'>injecisse</span> <span class='ocrx_word' id='word_1_274' title='bbox 378 3260 526 3341; x_wconf 90' lang='lat' dir='ltr'>Philippo.</span> <span class='ocrx_word' id='word_1_275' title='bbox 567 3262 663 3348; x_wconf 77' lang='lat' dir='ltr'>Quiri</span> <span class='ocrx_word' id='word_1_276' title='bbox 678 3281 746 3342; x_wconf 78' lang='lat' dir='ltr'>quse</span> <span class='ocrx_word' id='word_1_277' title='bbox 760 3261 877 3340; x_wconf 83' lang='lat' dir='ltr'>subegit</span> <span class='ocrx_word' id='word_1_278' title='bbox 888 3271 920 3320; x_wconf 89' lang='lat' dir='ltr'>et</span> <span class='ocrx_word' id='word_1_279' title='bbox 928 3261 1091 3340; x_wconf 83' lang='lat' dir='ltr'>intercepit,</span> <span class='ocrx_word' id='word_1_280' title='bbox 1104 3280 1141 3323; x_wconf 85' lang='lat' dir='ltr'>es</span> <span class='ocrx_word' id='word_1_281' title='bbox 1153 3274 1253 3327; x_wconf 81' lang='lat' dir='ltr'>tenere</span> 
     </span>
     <span class='ocr_line' id='line_1_32' title="bbox 152 3354 1252 3433; baseline 0.007 -20"><span class='ocrx_word' id='word_1_282' title='bbox 152 3363 185 3413; x_wconf 89' lang='lat' dir='ltr'>et</span> <span class='ocrx_word' id='word_1_283' title='bbox 208 3354 359 3431; x_wconf 84' lang='lat' dir='ltr'>quiescere</span> <span class='ocrx_word' id='word_1_284' title='bbox 372 3354 471 3427; x_wconf 85' lang='lat' dir='ltr'>vellet,</span> <span class='ocrx_word' id='word_1_285' title='bbox 485 3374 580 3433; x_wconf 85' lang='lat' dir='ltr'>neque</span> <span class='ocrx_word' id='word_1_286' title='bbox 604 3354 761 3433; x_wconf 74' lang='lat' dir='ltr'>qumquam</span> <span class='ocrx_word' id='word_1_287' title='bbox 784 3363 925 3432; x_wconf 76' lang='lat' dir='ltr'>preterea</span> <span class='ocrx_word' id='word_1_288' title='bbox 943 3354 1100 3426; x_wconf 84' lang='lat' dir='ltr'>moliretur,</span> <span class='ocrx_word' id='word_1_289' title='bbox 1120 3370 1252 3421; x_wconf 80' lang='lat' dir='ltr'>vestrum</span> 
     </span>
     <span class='ocr_line' id='line_1_33' title="bbox 152 3444 1253 3533; baseline 0.007 -28"><span class='ocrx_word' id='word_1_290' title='bbox 152 3445 273 3525; x_wconf 84' lang='lat' dir='ltr'>quidam</span> <span class='ocrx_word' id='word_1_291' title='bbox 286 3464 394 3507; x_wconf 84' lang='lat' dir='ltr'>canon</span> <span class='ocrx_word' id='word_1_292' title='bbox 417 3465 495 3525; x_wconf 80' lang='lat' dir='ltr'>segre</span> <span class='ocrx_word' id='word_1_293' title='bbox 515 3446 599 3507; x_wconf 88' lang='lat' dir='ltr'>laturi</span> <span class='ocrx_word' id='word_1_294' title='bbox 621 3444 690 3505; x_wconf 86' lang='lat' dir='ltr'>milri</span> <span class='ocrx_word' id='word_1_295' title='bbox 703 3445 881 3518; x_wconf 85' lang='lat' dir='ltr'>viderentur,</span> <span class='ocrx_word' id='word_1_296' title='bbox 895 3464 962 3525; x_wconf 78' lang='lat' dir='ltr'>quse</span> <span class='ocrx_word' id='word_1_297' title='bbox 975 3445 1139 3525; x_wconf 75' lang='lat' dir='ltr'>reipublice</span> <span class='ocrx_word' id='word_1_298' title='bbox 1159 3450 1253 3533; x_wconf 76' lang='lat' dir='ltr'>dede·</span> 
     </span>
     <span class='ocr_line' id='line_1_34' title="bbox 153 3538 1255 3619; baseline 0.006 -20"><span class='ocrx_word' id='word_1_299' title='bbox 153 3558 208 3599; x_wconf 85' lang='lat' dir='ltr'>cus</span> <span class='ocrx_word' id='word_1_300' title='bbox 227 3548 257 3599; x_wconf 90' lang='lat' dir='ltr'>et</span> <span class='ocrx_word' id='word_1_301' title='bbox 276 3538 399 3617; x_wconf 82' lang='lat' dir='ltr'>ignaviae</span> <span class='ocrx_word' id='word_1_302' title='bbox 414 3540 523 3599; x_wconf 87' lang='lat' dir='ltr'>crimen</span> <span class='ocrx_word' id='word_1_303' title='bbox 542 3550 574 3600; x_wconf 88' lang='lat' dir='ltr'>et</span> <span class='ocrx_word' id='word_1_304' title='bbox 595 3558 709 3599; x_wconf 86' lang='lat' dir='ltr'>summa</span> <span class='ocrx_word' id='word_1_305' title='bbox 723 3538 823 3599; x_wconf 85' lang='lat' dir='ltr'>omnia</span> <span class='ocrx_word' id='word_1_306' title='bbox 844 3539 1151 3619; x_wconf 66' lang='lat' dir='ltr'>presumsissent:</span> <span class='ocrx_word' id='word_1_307' title='bbox 1173 3564 1255 3607; x_wconf 81' lang='lat' dir='ltr'>nunc</span> 
     </span>
     <span class='ocr_line' id='line_1_35' title="bbox 153 3630 1255 3711; baseline 0.005 -20"><span class='ocrx_word' id='word_1_308' title='bbox 153 3630 226 3691; x_wconf 91' lang='lat' dir='ltr'>dum</span> <span class='ocrx_word' id='word_1_309' title='bbox 240 3650 353 3709; x_wconf 85' lang='lat' dir='ltr'>semper</span> <span class='ocrx_word' id='word_1_310' title='bbox 363 3630 530 3711; x_wconf 73' lang='lat' dir='ltr'>aggreditur</span> <span class='ocrx_word' id='word_1_311' title='bbox 540 3632 648 3711; x_wconf 89' lang='lat' dir='ltr'>aliquid</span> <span class='ocrx_word' id='word_1_312' title='bbox 661 3642 692 3693; x_wconf 91' lang='lat' dir='ltr'>et</span> <span class='ocrx_word' id='word_1_313' title='bbox 703 3632 772 3711; x_wconf 86' lang='lat' dir='ltr'>plus</span> <span class='ocrx_word' id='word_1_314' title='bbox 780 3631 901 3711; x_wconf 80' lang='lat' dir='ltr'>appetit,</span> <span class='ocrx_word' id='word_1_315' title='bbox 915 3630 1100 3693; x_wconf 80' lang='lat' dir='ltr'>fortasseros</span> <span class='ocrx_word' id='word_1_316' title='bbox 1111 3638 1255 3711; x_wconf 75' lang='lat' dir='ltr'>evocabit,</span> 
     </span>
     <span class='ocr_line' id='line_1_36' title="bbox 153 3722 1254 3804; baseline 0.004 -21"><span class='ocrx_word' id='word_1_317' title='bbox 153 3724 210 3783; x_wconf 85' lang='lat' dir='ltr'>nisi</span> <span class='ocrx_word' id='word_1_318' title='bbox 224 3723 261 3783; x_wconf 86' lang='lat' dir='ltr'>de</span> <span class='ocrx_word' id='word_1_319' title='bbox 275 3722 356 3783; x_wconf 84' lang='lat' dir='ltr'>robis</span> <span class='ocrx_word' id='word_1_320' title='bbox 370 3723 488 3803; x_wconf 82' lang='lat' dir='ltr'>omnino</span> <span class='ocrx_word' id='word_1_321' title='bbox 498 3724 685 3804; x_wconf 84' lang='lat' dir='ltr'>desperastis.</span> <span class='ocrx_word' id='word_1_322' title='bbox 727 3724 792 3803; x_wconf 79' lang='lat' dir='ltr'>Ego</span> <span class='ocrx_word' id='word_1_323' title='bbox 802 3725 980 3798; x_wconf 84' lang='lat' dir='ltr'>veromirpr,</span> <span class='ocrx_word' id='word_1_324' title='bbox 990 3725 1015 3785; x_wconf 90' lang='lat' dir='ltr'>si</span> <span class='ocrx_word' id='word_1_325' title='bbox 1028 3738 1254 3791; x_wconf 85' lang='lat' dir='ltr'>nemorestrurn</span> 
     </span>
     <span class='ocr_line' id='line_1_37' title="bbox 152 3814 1254 3897; baseline 0.003 -18"><span class='ocrx_word' id='word_1_326' title='bbox 152 3835 250 3897; x_wconf 88' lang='lat' dir='ltr'>neque</span> <span class='ocrx_word' id='word_1_327' title='bbox 264 3814 483 3895; x_wconf 80' lang='lat' dir='ltr'>cogitatusque</span> <span class='ocrx_word' id='word_1_328' title='bbox 497 3816 674 3895; x_wconf 80' lang='lat' dir='ltr'>indignatur,</span> <span class='ocrx_word' id='word_1_329' title='bbox 689 3817 807 3896; x_wconf 86' lang='lat' dir='ltr'>quando</span> <span class='ocrx_word' id='word_1_330' title='bbox 817 3817 1131 3889; x_wconf 79' lang='lat' dir='ltr'>videt‚·Athcuienses‚</span> <span class='ocrx_word' id='word_1_331' title='bbox 1143 3820 1254 3883; x_wconf 88' lang='lat' dir='ltr'>bellum</span> 
     </span>
     <span class='ocr_line' id='line_1_38' title="bbox 153 3908 1255 3990; baseline 0.001 -19"><span class='ocrx_word' id='word_1_332' title='bbox 153 3909 277 3990; x_wconf 82' lang='lat' dir='ltr'>coepisse</span> <span class='ocrx_word' id='word_1_333' title='bbox 290 3908 401 3969; x_wconf 88' lang='lat' dir='ltr'>initium</span> <span class='ocrx_word' id='word_1_334' title='bbox 417 3910 453 3969; x_wconf 90' lang='lat' dir='ltr'>de</span> <span class='ocrx_word' id='word_1_335' title='bbox 468 3908 637 3971; x_wconf 86' lang='lat' dir='ltr'>ulciscendo</span> <span class='ocrx_word' id='word_1_336' title='bbox 648 3908 796 3989; x_wconf 89' lang='lat' dir='ltr'>Philippo,</span> <span class='ocrx_word' id='word_1_337' title='bbox 815 3910 903 3969; x_wconf 88' lang='lat' dir='ltr'>linem</span> <span class='ocrx_word' id='word_1_338' title='bbox 916 3920 1014 3969; x_wconf 90' lang='lat' dir='ltr'>sutem</span> <span class='ocrx_word' id='word_1_339' title='bbox 1025 3910 1055 3969; x_wconf 87' lang='lat' dir='ltr'>in</span> <span class='ocrx_word' id='word_1_340' title='bbox 1067 3927 1104 3969; x_wconf 90' lang='lat' dir='ltr'>eo</span> <span class='ocrx_word' id='word_1_341' title='bbox 1114 3908 1178 3987; x_wconf 86' lang='lat' dir='ltr'>jam</span> <span class='ocrx_word' id='word_1_342' title='bbox 1187 3931 1255 3973; x_wconf 82' lang='lat' dir='ltr'>rer·</span> 
     </span>
     <span class='ocr_line' id='line_1_39' title="bbox 154 3998 1254 4081; baseline -0.005 -18"><span class='ocrx_word' id='word_1_343' title='bbox 154 4001 225 4073; x_wconf 86' lang='lat' dir='ltr'>sari,</span> <span class='ocrx_word' id='word_1_344' title='bbox 246 4020 284 4061; x_wconf 88' lang='lat' dir='ltr'>ne</span> <span class='ocrx_word' id='word_1_345' title='bbox 305 4001 437 4061; x_wconf 83' lang='lat' dir='ltr'>cladibus</span> <span class='ocrx_word' id='word_1_346' title='bbox 456 3998 612 4061; x_wconf 85' lang='lat' dir='ltr'>afficiamur</span> <span class='ocrx_word' id='word_1_347' title='bbox 636 4001 814 4081; x_wconf 83' lang='lat' dir='ltr'>a·Philippo.</span> <span class='ocrx_word' id='word_1_348' title='bbox 854 4001 965 4061; x_wconf 88' lang='lat' dir='ltr'>Vemm</span> <span class='ocrx_word' id='word_1_349' title='bbox 978 4020 1046 4061; x_wconf 87' lang='lat' dir='ltr'>eum</span> <span class='ocrx_word' id='word_1_350' title='bbox 1065 4018 1125 4059; x_wconf 88' lang='lat' dir='ltr'>non</span> <span class='ocrx_word' id='word_1_351' title='bbox 1139 4001 1254 4080; x_wconf 84' lang='lat' dir='ltr'>quietu.</span> 
     </span>
     <span class='ocr_line' id='line_1_40' title="bbox 154 4091 1255 4174; baseline 0.005 -21"><span class='ocrx_word' id='word_1_352' title='bbox 154 4113 230 4169; x_wconf 77' lang='lat' dir='ltr'>rum,</span> <span class='ocrx_word' id='word_1_353' title='bbox 244 4093 432 4174; x_wconf 89' lang='lat' dir='ltr'>perspicuum</span> <span class='ocrx_word' id='word_1_354' title='bbox 445 4102 502 4167; x_wconf 87' lang='lat' dir='ltr'>est,</span> <span class='ocrx_word' id='word_1_355' title='bbox 523 4094 579 4155; x_wconf 89' lang='lat' dir='ltr'>nisi</span> <span class='ocrx_word' id='word_1_356' title='bbox 602 4094 639 4153; x_wconf 85' lang='lat' dir='ltr'>ab</span> <span class='ocrx_word' id='word_1_357' title='bbox 653 4093 752 4173; x_wconf 89' lang='lat' dir='ltr'>aliquo</span> <span class='ocrx_word' id='word_1_358' title='bbox 765 4103 945 4154; x_wconf 86' lang='lat' dir='ltr'>coerceatur.</span> <span class='ocrx_word' id='word_1_359' title='bbox 986 4091 1021 4151; x_wconf 90' lang='lat' dir='ltr'>ld</span> <span class='ocrx_word' id='word_1_360' title='bbox 1034 4091 1123 4169; x_wconf 78' lang='lat' dir='ltr'>igitur</span> <span class='ocrx_word' id='word_1_361' title='bbox 1135 4115 1191 4155; x_wconf 91' lang='lat' dir='ltr'>nos</span> <span class='ocrx_word' id='word_1_362' title='bbox 1201 4117 1255 4157; x_wconf 83' lang='lat' dir='ltr'>ex·</span> 
     </span>
     <span class='ocr_line' id='line_1_41' title="bbox 155 4170 1255 4265; baseline 0.006 -20"><span class='ocrx_word' id='word_1_363' title='bbox 155 4170 363 4265; x_wconf 74' lang='lat' dir='ltr'>spectabimus,</span> <span class='ocrx_word' id='word_1_364' title='bbox 383 4194 414 4244; x_wconf 94' lang='lat' dir='ltr'>et</span> <span class='ocrx_word' id='word_1_365' title='bbox 434 4185 564 4245; x_wconf 86' lang='lat' dir='ltr'>triremes</span> <span class='ocrx_word' id='word_1_366' title='bbox 584 4205 694 4246; x_wconf 84' lang='lat' dir='ltr'>vacuas</span> <span class='ocrx_word' id='word_1_367' title='bbox 715 4195 747 4246; x_wconf 90' lang='lat' dir='ltr'>et</span> <span class='ocrx_word' id='word_1_368' title='bbox 768 4205 850 4265; x_wconf 88' lang='lat' dir='ltr'>spem</span> <span class='ocrx_word' id='word_1_369' title='bbox 872 4182 1005 4244; x_wconf 80' lang='lat' dir='ltr'>anescio</span> <span class='ocrx_word' id='word_1_370' title='bbox 1027 4203 1086 4262; x_wconf 91' lang='lat' dir='ltr'>quo</span> <span class='ocrx_word' id='word_1_371' title='bbox 1106 4186 1214 4249; x_wconf 83' lang='lat' dir='ltr'>factam</span> <span class='ocrx_word' id='word_1_372' title='bbox 1228 4194 1255 4253; x_wconf 90' lang='lat' dir='ltr'>si</span> 
     </span>
     <span class='ocr_line' id='line_1_42' title="bbox 155 4275 1256 4357; baseline 0.007 -20"><span class='ocrx_word' id='word_1_373' title='bbox 155 4276 302 4349; x_wconf 88' lang='lat' dir='ltr'>miseritis,</span> <span class='ocrx_word' id='word_1_374' title='bbox 317 4278 415 4338; x_wconf 85' lang='lat' dir='ltr'>omnia</span> <span class='ocrx_word' id='word_1_375' title='bbox 426 4279 564 4357; x_wconf 83' lang='lat' dir='ltr'>praeclare</span> <span class='ocrx_word' id='word_1_376' title='bbox 577 4298 608 4339; x_wconf 90' lang='lat' dir='ltr'>se</span> <span class='ocrx_word' id='word_1_377' title='bbox 620 4278 727 4339; x_wconf 88' lang='lat' dir='ltr'>babere</span> <span class='ocrx_word' id='word_1_378' title='bbox 737 4276 897 4357; x_wconf 63' lang='lat' dir='ltr'>putabitis?</span> <span class='ocrx_word' id='word_1_379' title='bbox 938 4275 1007 4335; x_wconf 87' lang='lat' dir='ltr'>Non</span> <span class='ocrx_word' id='word_1_380' title='bbox 1020 4283 1256 4345; x_wconf 86' lang='lat' dir='ltr'>conscendemus</span> 
     </span>
     <span class='ocr_line' id='line_1_43' title="bbox 155 4358 1258 4469; baseline 0.009 -41"><span class='ocrx_word' id='word_1_381' title='bbox 155 4358 262 4469; x_wconf 61' lang='lat' dir='ltr'>paces?</span> <span class='ocrx_word' id='word_1_382' title='bbox 281 4388 341 4431; x_wconf 88' lang='lat' dir='ltr'>uon</span> <span class='ocrx_word' id='word_1_383' title='bbox 353 4370 497 4433; x_wconf 83' lang='lat' dir='ltr'>exibimus</span> <span class='ocrx_word' id='word_1_384' title='bbox 507 4372 563 4454; x_wconf 89' lang='lat' dir='ltr'>ipsi</span> <span class='ocrx_word' id='word_1_385' title='bbox 577 4383 658 4455; x_wconf 81' lang='lat' dir='ltr'>perte</span> <span class='ocrx_word' id='word_1_386' title='bbox 672 4372 778 4458; x_wconf 85' lang='lat' dir='ltr'>saltem</span> <span class='ocrx_word' id='word_1_387' title='bbox 787 4370 885 4450; x_wconf 81' lang='lat' dir='ltr'>aliqua</span> <span class='ocrx_word' id='word_1_388' title='bbox 897 4370 1126 4467; x_wconf 71' lang='lat' dir='ltr'>domesticorum</span> <span class='ocrx_word' id='word_1_389' title='bbox 1135 4376 1258 4449; x_wconf 78' lang='lat' dir='ltr'>militum</span> 
     </span>
    </p>
   </div>
   <div class='ocr_carea' id='block_1_6' title="bbox 0 0 1482 5000">
    <p class='ocr_par' dir='ltr' id='par_1_6' title="bbox 0 0 1482 5000">
     <span class='ocr_line' id='line_1_44' title="bbox 0 0 1482 5000; baseline 0 0"><span class='ocrx_word' id='word_1_390' title='bbox 0 0 1482 5000; x_wconf 95' lang='lat' dir='ltr'> </span> 
     </span>
    </p>
   </div>
  </div>
 </body>
</html>
