2934 5000
287 331 351 392 aas
387 315 391 322 '
592 331 764 392 conum
784 324 1088 396 rinocnstsu.··
1165 331 1193 425 ’-

287 495 395 561 stetur,
411 505 477 548 cum
490 498 522 548 et
534 487 721 566 tectfflnm
739 487 852 550 reditus
867 505 926 548 non
937 486 1085 548 sufficient
1100 485 1286 566 sumptibus.
1318 483 1419 544 Mul·

288 589 375 658 taque
387 600 448 640 non
461 580 631 660 explebunt,
643 591 675 641 et
687 600 724 641 ne
735 581 791 642 hos
804 581 885 660 ipsos
898 579 1026 659 quidem,
1040 579 1095 638 nisi
1109 581 1166 638 sub
1178 580 1249 638 anni
1265 579 1417 648 exitum,

157 701 160 708 ·
287 671 403 749 erigere
416 672 524 742 licebit,
538 681 570 730 et
581 691 633 732 eos
646 673 696 751 qui
709 673 890 752 adjectiones
904 690 963 732 non
977 670 1129 742 solverint,
1141 689 1241 749 neque
1257 681 1415 738 mustus,

287 783 385 840 neque
400 762 534 842 judicum
554 764 713 824 auctoritas
729 765 848 835 vinciet,
867 765 938 842 quin
958 763 1014 841 ipsi
1026 781 1183 842 sponsores
1201 761 1414 824 constituent

286 855 434 932 usquead
446 875 554 915 nonum
568 865 687 916 senatus
698 855 900 916 conventum?
922 857 962 914 At
980 865 1048 914 octo
1064 856 1208 937 primibus
1228 855 1311 933 quid
1330 873 1412 931 age-

286 947 370 1007 musl
392 948 458 1026 Age
481 948 530 1008 dic
555 933 750 1018 Timocrates,
771 937 830 1008 non
851 949 1071 1017 conveniemus,
1091 958 1123 1008 et
1142 947 1411 1028 consultabimua,

240 1057 243 1063 ·
286 1040 398 1118 siquid
411 1041 575 1121 eritopual
595 1042 627 1100 Si
641 1058 701 1101 nun
714 1041 880 1112 fecerimus,
896 1059 966 1100 num
980 1039 1142 1102 libertatem
1156 1039 1342 1120 reipublicae
1357 1059 1408 1100 re-

286 1132 466 1192 tinebimusl
488 1132 556 1194 Non
565 1133 678 1208 judicia
699 1133 737 1193 de
754 1131 936 1204 criminibus,
955 1141 1018 1191 tum
1038 1132 1164 1211 publicis
1178 1143 1243 1192 tum
1259 1132 1408 1208 privem,

280 1215 539 1303 'pronunciabunt
559 1226 620 1291 Qui
638 1213 729 1304 ‘porro
752 1233 866 1304 portus,
891 1225 972 1303 quod
994 1223 1162 1302 coniugium
1191 1225 1318 1302 patebit
1343 1225 1405 1296 bis,

286 1319 393 1397 quibus
403 1318 517 1397 injurias
529 1319 601 1377 flent
609 1318 632 1392 l,
644 1319 712 1378 Non
726 1318 882 1378 conveniet
892 1327 1025 1387 senatus,
1038 1335 1134 1394 neque
1144 1316 1261 1376 sancita
1270 1315 1404 1394 legibus

284 1408 517 1471 administrabit?
544 1409 584 1468 Et
595 1409 666 1488 quid
677 1409 732 1469 erit
751 1409 895 1488 reliquum
916 1408 1001 1468 nobis
1015 1407 1105 1480 aliud,
1128 1407 1185 1468 nisi
1198 1416 1235 1466 ut
1248 1407 1402 1470 servitute

286 1501 502 1584 opprimamur?
527 1501 569 1560 At
586 1501 706 1561 hercule
725 1501 791 1560 inec
805 1501 903 1566 omnia
915 1501 1058 1561 iaciemus
1079 1499 1192 1578 gratis?
1213 1500 1305 1566 Quid
1329 1521 1402 1561 vern

284 1596 421 1675 iniquius,
440 1614 532 1673 quum
545 1606 579 1653 tu
601 1593 738 1658 mercede
760 1593 927 1653 conductus
948 1593 1044 1670 legem
1067 1590 1153 1652 istam
1169 1591 1291 1674 tuleris,
1306 1613 1400 1671 quam

285 1701 432 1760 senatum,
445 1691 533 1765 quatu
541 1687 693 1766 populum,
703 1705 791 1764 quam
801 1684 912 1763 judicia
922 1703 977 1744 sua
986 1683 1122 1744 'mercede
1133 1683 1290 1744 srarrdaril
1316 1685 1396 1748 Nam

284 1793 345 1839 tuse
358 1779 427 1857 legi,
442 1765 636 1850 Timocrates,
657 1772 881 1837 adscribendum
896 1776 961 1848 luit,
975 1776 1005 1835 id
1025 1775 1149 1856 quodrin
1166 1775 1346 1855 publicanis
1367 1791 1397 1838 et

284 1872 473 1953 sponsoribus
487 1870 593 1942 fecisti,
606 1869 753 1948 exigenda
773 1889 839 1928 esse
854 1868 954 1928 debita
973 1869 1098 1948 receptis
1118 1867 1247 1946 legibus,
1266 1871 1395 1948 quodsi

283 1962 386 2025 contra'
396 1962 547 2038 quospiam
562 1961 620 2019 alia
630 1960 768 2039 quapiam
782 1960 850 2038 lege
865 1971 915 2021 aut
928 1960 1048 2022 decreto
1063 1961 1210 2022 sancitum
1225 1971 1286 2033 est,
1303 1963 1393 2024 licere

282 2055 376 2115 abeis
394 2072 432 2111 ea
448 2071 516 2130 quae
530 2051 638 2110 debent
654 2050 731 2130 exigi
750 2051 853 2112 eodem
876 2053 973 2125 modo,
995 2071 1054 2131 quo
1068 2073 1086 2113 a
1101 2051 1278 2132 publicanis,
1303 2057 1344 2114 ab
1358 2057 1391 2114 iis

282 2146 372 2206 etiam
382 2144 497 2222 legibus
511 2143 647 2222 receptis,
660 2163 699 2204 aa
710 2163 778 2204 esse
789 2137 952 2224 exigenda:
980 2163 1059 2204 nune
1074 2144 1156 2223 leges
1166 2143 1203 2204 de
1218 2145 1390 2223 publicanis

282 2237 481 2317 undequaque
493 2235 613 2314 fugitas,
622 2247 653 2294 et
662 2237 732 2315 quia
742 2236 859 2296 decreto
872 2236 1060 2296 Euctemonis
1074 2244 1218 2296 statutum
1229 2249 1289 2310 est,
1305 2251 1341 2300 ut
1354 2243 1390 2302 ab

255 2357 261 2362 ·
281 2328 508 2391 aerariis‘debita
517 2328 553 2385 iis
562 2327 681 2408 'legibus
693 2339 896 2406 reposcantur,
910 2337 1028 2406 propter
1040 2327 1098 2387 hoe
1110 2328 1140 2387 id
1154 2339 1246 2409 caput
1259 2350 1325 2392 non
1338 2335 1390 2394 ad·

282 2421 410 2502 scripsit.
432 2416 714 2494 Esmachinatione,
727 2419 901 2498 supplicium
912 2419 941 2476 in
955 2437 1006 2478 eos
1016 2419 1218 2492 coustitutum,
1229 2423 1281 2498 qui
1295 2443 1388 2503 pecn-

281 2516 360 2575 niam
374 2512 520 2592 publicam
532 2512 676 2583 detinent,
687 2510 818 2587 bustulit,
831 2511 944 2589 etquis
957 2510 1037 2571 aliud
1051 2532 1110 2573 non
1123 2511 1293 2592 adscripsit,
1309 2518 1388 2578 tollit

280 2608 426 2677 universa,
447 2605 600 2688 populum,
616 2605 739 2682 equites,
753 2614 899 2673 senatum,
922 2622 1016 2673 sacre,
1035 2603 1169 2682 prolana.
1191 2604 1252 2665 Pro
1276 2608 1384 2686 quibus

279 2700 445 2769 conatibus,
459 2698 483 2757 si
493 2716 555 2767 vos,
570 2696 777 2768 Athenienses,
791 2696 919 2779 sapietis,
928 2696 1057 2775 punitus,
1067 2696 1225 2776 meritoque
1236 2700 1385 2779 supplicio

279 2791 413 2859 affectus,
427 2790 564 2869 exemplo
577 2789 642 2849 aliis
656 2789 721 2857 erit,
735 2808 774 2848 ne
786 2787 867 2867 leges
881 2786 1050 2867 hujusmodi
1063 2798 1179 2866 rogent.

319 2886 370 2941 st.
391 2882 496 2957 Neque
516 2898 586 2938 vero
599 2879 720 2958 judiciis
744 2890 859 2940 tantum
882 2878 1047 2957 irrogandas
1065 2879 1183 2940 mulctae
1205 2891 1382 2961 potestatem

130 2983 141 2997 ·
194 2984 197 2989 ·
278 2974 373 3051 eripit,
386 2972 440 3029 sed
450 2970 656 3049 rempublicam
668 2970 912 3048 depeculantibus
925 2969 1074 3031 licentiam
1088 2972 1156 3033 dat:
1177 2976 1381 3055 expeditiones

277 3084 332 3146 pro
344 3062 513 3141 reipublicae
527 3060 622 3120 salute
639 3061 842 3140 suscipiendas
859 3057 1039 3147 corrumpite
1063 3064 1220 3144 vectigalia
1237 3066 1380 3131 destruit:
1441 3090 1447 3096 ·’

252 3164 255 3172 “
277 3155 417 3216 malelicis
431 3164 463 3214 et
476 3153 637 3234 parricidis,
651 3153 822 3234 militiaeque
832 3144 1029 3229 desertoribus
1038 3156 1271 3234 patrocinantem
1285 3160 1381 3240 legem
1446 3178 1447 3185 ¹

277 3248 363 3316 tulit;
390 3266 457 3307 cum
470 3246 616 3326 supplicia
626 3246 786 3319 veteribus,
800 3256 832 3307 et
851 3266 929 3307 nunc
944 3247 1013 3310 ratis
1028 3246 1143 3327 legibus
1157 3249 1269 3310 indicta
1283 3253 1380 3317 tollat.

276 3342 390 3402 Jubent
404 3340 487 3419 leges
505 3358 580 3417 quas
602 3339 673 3399 Solo
694 3340 778 3409 tulit,¹
790 3338 872 3399 nulla
890 3359 920 3399 re
939 3340 1041 3401 similis
1062 3342 1111 3401 isti
1132 3340 1320 3421 legumlator,
1340 3348 1379 3407 Si

277 3434 368 3513 quis
402 3432 448 3491 de
484 3430 677 3510 peculatu
703 3430 930 3503 'conuictus
965 3431 1116 3511 capitis
1149 3446 1283 3521 tamen
1316 3438 1377 3499 da·

227 3520 230 3526 ’
275 3520 542 3583 massus-non
570 3523 1191 3594 luerit,eumvinculisaddici:
1226 3528 1262 3587 si
1288 3534 1376 3607 quis
1446 3574 1447 3589 i

274 3613 486 3674 convictus
513 3613 620 3673 malae
641 3623 846 3692 parentum
880 3614 1157 3690 tractationis,
1187 3619 1224 3679 in
1252 3619 1374 3681 l'oruin

273 3724 362 3765 sese
388 3704 622 3781 ingesserit,
648 3706 687 3764 in
709 3706 1110 3787 carceremconjici:
1142 3710 1279 3788 siquis
1313 3716 1373 3773 rni-

272 3797 368 3861 litiae
402 3795 591 3869 desertor,
618 3794 723 3857 idem
758 3798 840 3858 sibi
871 3792 979 3878 juris
1008 3812 1164 3879 arroget
1195 3805 1296 3882 quod
1333 3808 1373 3867 bi

273 3891 383 3951 cives
427 3888 582 3949 habent
625 3891 979 3967 quorumsalvum
1020 3904 1135 3977 eaput
1172 3908 1246 3967 est,
1288 3918 1370 3961 eum

272 4001 430 4063 quoque
451 3980 608 4053 vinciri,
633 3981 813 4053 Timocrates
838 3983 883 4043 lris
911 3984 1048 4045 omnibus
1075 3986 1279 4065 impunitatem
1303 4010 1370 4069 pro·

269 4076 377 4155 posuit,
403 4072 611 4135 constitutione
636 4074 756 4133 vadium
779 4092 925 4141 carcerem
949 4071 1115 4135 demolitus.
1155 4078 1281 4141 Proinde
1305 4101 1370 4143 mea

270 4168 388 4245 quidem
402 4167 704 4233 sententia—tametsi
717 4168 795 4227 enim
810 4168 919 4226 dictum
935 4168 1068 4229 fortasse
1080 4160 1225 4230 videbitur
1243 4173 1367 4234 insolen-

270 4260 343 4328 tius,
361 4270 462 4318 tamen
479 4258 612 4337 eloquar,
631 4269 662 4318 et
676 4279 734 4319 non
752 4259 1029 4319 dissimulabo-vel
1043 4262 1081 4319 ob
1103 4260 1159 4321 hoc
1179 4264 1274 4341 capite
1293 4268 1366 4325 mol·

129 4343 133 4352 ’
198 4335 203 4353 ’
270 4349 749 4429 etandusluerimtapudinleros
762 4351 858 4429 impiis
872 4350 968 4430 legem
981 4353 1064 4413 istam
1079 4353 1367 4425 feratnosviveutes

269 4440 379 4502 sanctia
392 4449 422 4500 et
429 4442 519 4519 justia
532 4442 579 4503 bis
592 4442 622 4504 in
636 4452 787 4522 porterum
800 4443 843 4503 uti
858 4442 994 4525 patietur.
1030 4445 1138 4507 Recita
1152 4446 1221 4527 is'tas
1236 4446 1328 4527 leges.
