2934 5000
251 315 314 372 stt
647 310 694 370 IN
716 309 926 371 APHOBUM
950 310 974 369 l.

252 465 464 547 consequendo
480 465 637 548 adjuvetis.
687 466 796 528 Dicam
818 475 917 526 autern
940 481 1030 549 quam
1050 472 1152 546 potero
1171 462 1381 524 brevissime.

254 561 355 639 Atque
377 559 447 620 inde
462 559 658 620 narrationem
675 558 864 640 auspicabor,
883 557 962 618 unda
982 574 1035 618 ros
1053 555 1204 636 negotium
1218 553 1382 616 facillime

255 652 448 733 perspicietis.

300 747 329 805 2.
352 744 569 806 Demosthenes
582 753 667 824 pater
684 762 780 818 meus,
794 742 928 818 Judices,
942 761 1004 804 rem
1023 740 1195 802 familiarem
1216 740 1383 802 talentum

253 838 369 902 circiter
381 837 614 916 quatuordecim,
633 856 682 898 me
697 845 884 917 septennem,
904 853 1032 896 sororem
1053 833 1276 914 quinquennem
1297 829 1379 892 reli-

255 930 337 1010 quits
358 939 540 1010 matremque
552 940 695 1002 numam,
716 949 786 1008 quas
808 931 903 990 minas
917 927 1135 1010 quinquaginta·
1147 924 1270 986 nomine
1284 921 1378 985 uotis

256 1022 286 1082 in
308 1022 373 1101 ejus
393 1021 474 1081 redes
493 1019 642 1082 intulerat.
693 1021 867 1094 Moritur-us,
886 1021 959 1094 inito
979 1019 1018 1078 de
1037 1019 1122 1078 nobis
1141 1016 1277 1086 canalio,
1301 1015 1378 1074 irasc

255 1115 354 1176 omnia
367 1113 486 1194 Aphobi
497 1123 528 1173 et
537 1111 799 1194 Demophontisli.
807 1112 961 1186 Demonis,
970 1131 1099 1184 snorum,
1108 1110 1197 1190 huius
1211 1129 1250 1168 ex
1260 1107 1375 1176 trane,

256 1203 335 1283 illius
358 1227 395 1268 ex
422 1226 531 1280 sorore,
551 1216 704 1286 nepotum,
730 1205 801 1268 fidei
820 1203 985 1268 commisit:
1015 1205 1131 1264 tertium
1154 1201 1200 1264 his
1228 1199 1379 1278 &unxit

257 1300 464 1381 Therippidem
474 1299 688 1371 Paeniensam,
698 1317 760 1360 uon
773 1297 893 1376 quidem
906 1296 1083 1376 cognatione
1096 1295 1206 1386 aliqua,
1220 1294 1279 1356 sed
1294 1295 1377 1354 ami·

258 1392 329 1452 citia
346 1395 409 1471 jam
427 1390 498 1451 inde
511 1408 635 1470 apuero
648 1390 703 1450 sibi
719 1389 922 1470 conjunctum.
965 1387 1054 1458 Huic,
1072 1405 1111 1446 ne
1125 1384 1295 1466 cupiditate
1317 1405 1378 1464 pe·

257 1484 355 1566 cunin
369 1481 486 1543 illectus
496 1501 594 1543 meum
606 1482 718 1563 aliquid
737 1483 821 1562 flas
836 1481 1062 1549 administraret,
1077 1481 1298 1540 usumfructum
1324 1496 1377 1536 sc-

258 1575 415 1656 ptuaginta
430 1575 801 1656 minarumexpatrimonin
817 1593 883 1634 meo
899 1573 1042 1654 tantisper
1056 1571 1214 1644 concessit,
1223 1571 1300 1630 dum
1313 1589 1376 1648 ego

161 1740 172 1757 .
259 1669 418 1730 advirilem
428 1679 547 1732 aetatem
559 1670 777 1750 pervenissem:
799 1667 1001 1748 Demophonti
1015 1685 1143 1728 sororem
1151 1683 1248 1726 meum
1263 1673 1297 1724 et
1311 1662 1374 1722 dno

259 1761 375 1824 talenta
387 1763 487 1824 rtatim
505 1763 644 1824 habenda
655 1761 757 1824 dedit:
778 1761 827 1824 isti
839 1761 896 1840 ipsi
909 1771 1033 1822 matrem
1047 1779 1115 1822 cuns
1129 1758 1200 1820 dote
1213 1757 1376 1836 octoginta

261 1852 404 1914 ruinarum
418 1864 448 1912 et
466 1853 560 1923 mdes,
575 1873 715 1913 unacum
729 1873 785 1912 usu
798 1847 983 1913 instrumenti
997 1862 1029 1912 et
1042 1849 1266 1932 suppellectilis,
1277 1861 1374 1921 ratus,

210 1943 214 1952 ’
261 1964 314 2006 eos
328 1945 417 2005 etiarn
426 1954 509 2004 tanto
518 1965 567 2004 me
575 1945 746 2024 diligentius
757 1955 921 2017 curaturos,
930 1956 1041 2025 quanto
1055 1965 1106 2005 eos
1119 1943 1190 2004 mihi
1203 1943 1374 2003 accedente

260 2036 318 2096 hac
331 2037 548 2097 necessitudine
561 2038 780 2117 conjunctiores
794 2037 980 2098 reddidisset.
1010 2037 1062 2097 lsti
1074 2047 1171 2096 autem
1184 2035 1373 2114 portionibus

261 2128 309 2188 his
323 2127 362 2188 de
375 2126 549 2207 patrimonio
562 2131 601 2190 ad
615 2148 648 2190 se
662 2129 799 2208 receptis,
812 2140 843 2188 et
857 2128 974 2208 reliquis
994 2130 1098 2207 opibus
1111 2128 1142 2186 in
1157 2127 1284 2188 decenni
1298 2149 1374 2189 cura

168 2294 172 2300 ⁸
263 2233 295 2286 et
311 2221 406 2283 tutela
426 2223 519 2283 nostri
542 2223 686 2296 tractatis,
705 2243 763 2284 nos
786 2225 898 2284 noeteus
920 2223 1056 2284 omnibus
1081 2223 1267 2296 fraudarunt,
1289 2225 1373 2285 redes
1454 2291 1455 2294 Ἴ

263 2315 410 2376 duntaxat
429 2324 459 2374 et
481 2315 628 2394 mancipia
639 2315 860 2395 quatuordecim
876 2326 906 2374 et
920 2316 1034 2392 argenti
1047 2315 1141 2374 minas
1154 2316 1286 2394 triginta,
1302 2337 1372 2396 qum
1454 2347 1455 2350 ¹

262 2408 400 2470 universa
421 2408 546 2468 collecta
562 2408 592 2469 in
606 2429 700 2470 unum
721 2409 909 2490 septuaginta
926 2409 1019 2470 minas
1034 2409 1073 2468 ad
1090 2428 1233 2470 summurn
1247 2411 1372 2472 confici·
1454 2439 1455 2460 t

263 2513 328 2578 unt,
339 2502 424 2563 nobis
435 2502 629 2563 tradiderunt.

306 2598 335 2655 3.
356 2594 457 2671 Caput
469 2593 557 2673 igitur
569 2593 749 2674 injuriarum,
763 2612 851 2672 quam
866 2593 928 2653 fieri
941 2593 1111 2653 brevissime
1132 2594 1227 2673 potuit
1250 2596 1370 2674 exposi-

264 2696 338 2759 tum,
351 2685 411 2746 lroc
423 2696 481 2758 eat,
491 2685 632 2746 ludices:
653 2684 787 2765 pecunia
801 2694 900 2745 autem
917 2694 1032 2745 tanturn
1046 2685 1137 2745 fuisse
1152 2684 1298 2759 relictum,
1315 2688 1372 2767 ipsi

264 2778 335 2837 milti
346 2777 511 2857 locupletes
522 2786 610 2837 testes
623 2777 750 2852 fuerunt.
792 2776 871 2836 Nam
884 2777 913 2835 in
928 2776 1055 2837 classem
1069 2796 1124 2855 pro
1139 2796 1196 2849 me,
1207 2776 1245 2837 de
1259 2778 1371 2841 vicenis

264 2869 360 2948 quiuis
374 2869 472 2938 minis,
486 2867 642 2933 drachmas
654 2867 799 2947 quigenas
818 2868 1016 2940 coutulerunt,
1035 2867 1209 2927 tantundem
1227 2882 1370 2946 quantum
1453 2882 1454 2947 l

265 2959 439 3019 Timotheus
455 2960 586 3019 Cononis
599 2958 676 3018 filius
699 2970 731 3019 et
752 2960 985 3038 pecuniosissimi
1005 2959 1112 3038 quique
1135 2960 1213 3020 cives
1239 2964 1370 3023 confere·

264 3052 348 3111 bant
376 3049 533 3127 sigillatim
547 3059 644 3109 autem
654 3052 741 3111 etiam
755 3053 836 3113 vobis
848 3052 1053 3143 explicandum
1068 3061 1125 3126 eat,
1139 3070 1206 3131 qum
1220 3052 1369 3115 fructuosa
1453 3066 1454 3074 ’

263 3140 380 3214 merim,
393 3160 462 3220 qum
472 3160 533 3202 non
551 3142 667 3213 fuerint,
679 3154 710 3203 et
724 3144 825 3223 quanti
837 3164 963 3225 qumque
975 3145 1091 3206 fuerint.
1134 3144 1189 3204 llis
1205 3145 1284 3205 enim
1299 3166 1370 3227 cog-

265 3234 334 3294 uitis
348 3233 461 3313 liquido
481 3234 658 3314 intelligetis,
672 3234 772 3295 nullos
787 3256 916 3315 unquam
930 3246 1051 3309 tutores,
1065 3256 1156 3315 quam
1174 3246 1276 3297 nostra
1290 3239 1369 3301 bona

265 3326 350 3399 istos,
363 3326 411 3388 eei
430 3326 629 3406 impudentius
650 3326 699 3387 vel
714 3328 899 3389 manifestius
924 3328 1076 3409 diripuisse
1099 3348 1159 3389 rem
1182 3330 1369 3411 pupillorem.

267 3420 314 3478 Ac
325 3418 461 3498 primum,
474 3438 527 3478 eos
545 3438 600 3501 pro
618 3438 665 3479 me
682 3418 742 3481 laec
759 3421 899 3481 tributum
920 3420 949 3481 in
969 3421 1093 3483 classem
1107 3424 1302 3485 manatione
1314 3444 1369 3489 sua

266 3510 438 3583 contulisse,
450 3519 542 3571 testes
551 3511 731 3591 producmn:
753 3512 870 3587 deinde,
883 3532 930 3573 me
944 3524 1059 3594 epatre
1072 3533 1133 3574 non
1146 3534 1305 3595 pauperem
1318 3528 1370 3577 aut

265 3598 388 3678 quirem
398 3603 587 3681 septuaginta
599 3604 741 3667 minamur
751 3604 900 3678 haberem,
909 3605 963 3667 ssd
972 3616 1096 3677 tantam,
1110 3616 1145 3667 nt
1158 3609 1313 3670 exactione
1324 3610 1371 3669 in·

199 3706 203 3710 ·
267 3690 358 3762 dieta,
377 3710 433 3751 nec
456 3693 512 3772 ipsi
525 3690 673 3755 occultare
687 3696 804 3777 publice
822 3709 940 3779 propter
959 3700 1194 3779 magnitudinem
1214 3702 1368 3781 potuerint,

267 3782 399 3845 relictum
416 3804 483 3845 esse
496 3786 660 3848 ostendam·
701 3790 785 3869 Cape
798 3789 855 3851 hoe
867 3790 1065 3853 testimoniam
1079 3812 1116 3853 ac
1130 3793 1230 3855 recita.

660 4000 972 4070 TESTIMONIUM.

269 4128 389 4207 Quanta
411 4151 529 4199 summa
549 4134 647 4210 fucrit,
672 4136 743 4201 hinc
769 4140 859 4205 etiam
885 4156 1018 4227 apparat
1060 4146 1237 4213 Quindecim
1263 4164 1364 4227 umtps

267 4220 430 4291 mensurat
444 4245 536 4304 quum
548 4248 655 4293 census
669 4230 787 4294 nomine
800 4235 856 4296 tria
869 4237 980 4299 talanta
992 4238 1125 4301 conferre
1139 4238 1291 4301 volueriut.

307 4316 339 4415 «1ἶ
361 4314 423 4376 Sed
432 4316 501 4416 hoe,
517 4320 618 4383 audita
631 4343 664 4387 re
676 4324 823 4401 familiari,
837 4331 945 4395 cardus
954 4332 1150 4413 cognoscetis.
1178 4332 1362 4403 Patermem,

267 4400 402 4479 inchoan
415 4408 489 4473 duas
499 4414 634 4477 officinas
647 4417 773 4503 reliquit,
784 4420 890 4502 opificii
900 4433 1052 4505 utrmque
1066 4444 1126 4487 nou
1139 4422 1234 4505 parri:
1256 4422 1362 4503 gladio·
