2934 5000
385 367 553 432 courau
574 364 913 433 ιιιιιοσιιιιιιι.
930 381 960 417 υ
1006 424 1013 433 ,
1091 327 1098 339 ’
1136 370 1196 437 ιιι

68 542 76 551 ·
102 512 190 601 pos'se
200 518 393 601 acquiesne'rs',
401 518 492 602 qu'am
506 523 529 583 si
539 520 706 603 probarent,
713 538 761 597 se,
770 519 1012 597 etiamsirellent,
1020 512 1128 585 nocero
1136 508 1198 585 non

103 624 199 691 posse,
213 615 356 675 sibi'enirn
366 634 424 675 non
434 616 638 687 esse‘dubium,
651 617 721 694 quin
730 616 851 686 vellent,
862 615 960 695 quoad
972 608 1058 703 igit'ur
1066 624 1197 697 possent,

102 704 190 765 fidem
205 708 247 767 eis
263 707 362 768 hahari
376 728 435 767 non
450 708 547 787 posse.
565 708 652 769 llanc'
670 708 759 767 fidem
771 709 871 788 igitur,
893 708 918 768 si
928 709 1002 768 meis
1014 710 1058 768 uti
1068 710 1198 769 consiliis

103 797 209 876 placet,
229 796 374 859 adversus·
384 800 526 860 Thracem
543 800 632 859 istum
653 800 836 873 custodietis,
859 818 916 860 nec
938 800 1061 880 experiri
1080 798 1200 874 voleus,

103 910 163 968 qno
175 892 288 965 animo,
310 902 373 953 tota
391 892 515 952 Thracia
528 892 650 971 potitus,
665 900 741 972 erga¹
749 912 803 953 vos
818 894 934 954 tuturus
949 896 996 955 sit.

144 986 204 1043 30:
214 984 283 1044 Jam
305 1004 360 1045 nec
378 982 517 1045 sanorum
538 985 686 1043 hominum
700 1002 766 1045 esse
782 985 853 1045 talia
873 985 993 1046 decreta
1010 986 1148 1060 scribere,
1168 995 1200 1048 et

102 1072 249 1155 aliquibus
262 1057 332 1137 talia
348 1076 418 1135 dare
431 1076 558 1155 praemia,
571 1075 602 1135 id
615 1081 731 1167 quoque
748 1076 787 1137 de
800 1076 898 1137 multis
910 1078 999 1137 rebus
1016 1078 1100 1139 facile
1112 1078 1200 1140 intel·

47 1159 72 1179 '⁶
101 1166 212 1247 ligitur.
247 1168 335 1229 Scitis
349 1170 426 1229 enim
440 1186 542 1228 omnes
559 1186 643 1247 sequa
661 1188 789 1240 mecum,
805 1168 1013 1243 Athenienses,
1026 1190 1080 1230 vos
1100 1172 1200 1253 Cotyn

102 1262 252 1341 qnondam
273 1262 357 1323 illum
379 1254 483 1323 iecisse
503 1262 616 1321 civem:
637 1260 717 1322 hand
744 1249 832 1323 dubie
848 1262 927 1322 bene
945 1261 1021 1322 velle
1042 1264 1125 1324 vobis
1148 1267 1201 1327 illo

103 1362 234 1433 tempore
248 1364 337 1433 atque
350 1354 475 1415 amicum
487 1370 554 1414 esse
567 1353 776 1415 existimantes.
798 1354 877 1440 Quin
886 1362 918 1414 et
927 1373 1030 1414 aureas
1040 1355 1067 1413 ei
1076 1357 1202 1419 coronas

102 1444 289 1515 decretistis:
304 1464 370 1507 non
385 1448 486 1527 utique
500 1446 616 1536 lecturi,
630 1464 656 1506 st
647 1446 784 1506 h'nstem
800 1435 952 1551 putaretis
978 1446 1200 1523 Verumtamen,

102 1554 171 1596 eum
185 1536 343 1599 sceleratus
352 1548 383 1599 et
392 1538 467 1599 diis'
460 1556 593 1599 inimicus
600 1538 693 1610 lieret,
706 1548 737 1599 et
748 1556 800 1599 vos
811 1536 926 1617 magnis
937 1537 1049 1618 injuriis
1062 1538 1202 1622 afficeret,

103 1626 338 1690 interfectores
310 1648 387 1711 oyus
397 1630 562 1724 Pythonem
572 1639 603 1690 et
616 1628 804 1690 Heraclidem
817 1630 937 1735 AEneds,
947 1638 981 1687 ut
991 1631 1203 1715 benemeritos,

104 1720 134 1779 in
152 1720 297 1782 civitatem
323 1723 495 1803 adscriptos,
518 1714 613 1783 aureis
640 1722 758 1785 coronis
778 1720 914 1782 ornantis
951 1721 984 1781 Si
1006 1732 1078 1781 tunc
1100 1722 1202 1803 igitur,

104 1812 224 1889 qnando
243 1814 392 1875 lamdiaris
406 1814 489 1875 vobis
504 1814 602 1894 Cotys
614 1814 861 1884 essenidebstur,
869 1812 975 1893 aliquis
989 1812 1164 1893 scripsisset,
1178 1816 1205 1877 sl

105 1905 170 1983 quis
188 1906 285 1987 Cotyn
298 1906 447 1977 occiderit,
468 1906 626 1967 foederibus
650 1915 804 1984 exemptus
822 1914 898 1978 esto,
918 1915 1017 1965 utrum
1038 1902 1207 1987 Pythonem

105 1998 275 2077 cumfratre
290 2018 374 2058 noxae
388 1998 554 2068 dedissetis,
568 2016 606 2057 an
622 2000 735 2056 eontra
749 1996 900 2058 decretum
918 1996 992 2057 illud
1010 1997 1127 2063 civitate
1151 2000 1204 2061 do-

104 2098 201 2157 natos,
216 2099 250 2148 ut
261 2090 336 2147 bene
349 2090 478 2159 meritos,
492 2078 673 2147 amassetis?
694 2085 858 2153 ind'vero
873 2089 912 2146 de
927 2086 1097 2147 Alexandro
1113 2089 1208 2153 'Phes-

106 2178 192 2239 salut
214 2180 243 2237 ls
254 2194 322 2237 cum
331 2179 505 2257 Pelopidam
513 2187 631 2255 captum
644 2170 807 2239 invinculis
819 2174 949 2251 haberet,
959 2189 990 2238 et
999 2175 1205 2249 Thebanorum

107 2270 202 2330 hostis
215 2280 295 2331 esset
307 2272 477 2342 acerrimus,
490 2268 572 2329 vobis
583 2284 654 2327 vero
668 2268 712 2328 lta
722 2267 881 2343 familiaris,
891 2279 926 2328 nt
937 2280 968 2329 et
977 2270 1081 2331 ducem
1093 2291 1110 2332 s
1122 2278 1205 2338 vobis
1315 2268 1320 2279 ’

106 2368 228 2441 peteret,
242 2372 273 2420 et
284 2372 336 2430 vos
350 2360 432 2431 illum
442 2360 592 2439 juvaretis,
605 2359 704 2419 o’muia
717 2357 847 2447 denique
857 2368 936 2420 esset
949 2362 1137 2423 Alexander:
1153 2369 1205 2427 ob·

106 2470 263 2522 secrovos,
272 2452 297 2512 si
309 2453 375 2533 qnia
389 2452 565 2532 scripsisset,
580 2451 604 2512 si
616 2451 684 2530 quis
698 2452 838 2517 occiderit
847 2452 1057 2527 Alexandrum,
1070 2472 1138 2515 eum
1153 2458 1206 2520 ab·

108 2543 174 2604 duci
189 2544 285 2616 liceat,
298 2560 369 2604 num
386 2552 483 2604 tutum
495 2541 603 2604 fuisset
614 2543 831 2624 eonsripostea
844 2543 964 2624 injurias
979 2547 1043 2626 ejus
1058 2550 1093 2606 et
1100 2543 1207 2612 ιοιιιιιί

108 2625 212 2696 melias
229 2635 354 2697 ulcisci?
375 2637 526 2728 Quorsum
538 2647 608 2696 vero
632 2634 737 2696 attinet
754 2645 852 2698 cetera
864 2636 951 2711 hujus
973 2636 1089 2715 generis
1103 2657 1207 2702 recen·

108 2727 195 2790 seret
211 2729 267 2789 Vel
282 2723 450 2818 Philippus,
458 2728 508 2834 qui
526 2737 623 2788 vester
643 2727 776 2790 inimicus
796 2728 1012 2789 infensissimus
1028 2727 1208 2804 habethr,
1181 2751 1207 2796 ιι

107 2831 182 2892 tum,
196 2839 265 2882 cum
276 2830 439 2882 vestrorum
452 2820 558 2882 civium
572 2821 725 2900 quosdam,
741 2823 882 2901 Argaenm
896 2819 1080 2882 restituentes
1082 2823 1209 2903 ,·'depre

108 2912 230 2987 hensos,
241 2933 302 2974 non
315 2914 395 2994 ipsos
409 2914 499 2976 modo
513 2912 632 2988 dimisit,
646 2913 699 2973 sed
719 2922 750 2973 et
761 2915 860 2973 omnia
877 2933 944 2992 qum
958 2913 1148 2992 perdiderant
1164 2917 1210 2980 'eis

29 3001 32 3009 ’
108 3005 246 3076 reddidit,
259 3016 290 3066 et
301 3007 398 3066 missis
411 3006 450 3065 sd
462 3023 515 3066 vos
525 3005 629 3081 literis,
645 3025 677 3066 se
690 3014 824 3085 paratum
838 3025 903 3066 esse
913 3005 1042 3066 ostendit
1053 3005 1209 3072 vobiscum

109 3095 207 3156 iacere
220 3097 448 3171 societatem,'et
457 3105 611 3175 paternam
626 3096 779 3156 amicitiam
792 3105 953 3165 renovare:
974 3097 999 3156 si
1014 3107 1077 3156 tum
1094 3099 1160 3161 haec
1179 3099 1211 3161 ei

108 3185 199 3248 tribui
211 3187 393 3267 postulasset
407 3187 513 3265 aliquis
525 3205 562 3246 ex
575 3187 621 3247 his
623 3186 695 3266 ,qui
709 3190 747 3258 ah
761 3208 798 3248 eo
809 3188 920 3247 dimissi
937 3188 1065 3258 fuerant,
1086 3198 1118 3249 et
1137 3187 1214 3251 scri-¹

110 3279 231 3359 psisset,
247 3276 350 3358 siquis
368 3277 511 3340 occiderit
527 3277 705 3358 Philippum,
718 3295 786 3338 enm
807 3279 1014 3363 comprehendi
1034 3279 1132 3352 liceat,
1148 3300 1212 3380 non

108 3368 348 3450 najotulariam'
341 3385 381 3428 ιιι
384 3369 590 3457 contumeliam
601 3367 826 3431 incidissemust
845 3367 992 3474 Nunquid
1002 3365 1108 3430 videtis
1122 3381 1152 3430 et
1164 3369 1212 3432 ini

109 3461 250 3542 telligitis,
261 3443 490 3533 Athenienses,
483 3479 519 3521 ex
531 3461 577 3521 his
588 3460 722 3540 singulis,
738 3481 761 3520 ιι
752 3461 832 3521 tale
845 3461 991 3542 quippiam
1006 3460 1211 3526 decrevissetis

110 3545 229 3634 qua'ntss
249 3553 280 3615 id
300 3566 406 3620 rosnat
425 3554 578 3616 dementiae
595 3553 792 3614 tribueretur?
815 3553 884 3614 Non
903 3554 980 3613 enim
1003 3552 1084 3614 sanos
1103 3557 1212 3619 mentis

111 3645 262 3706 hominurn
276 3663 342 3706 esse
354 3656 437 3726 puto,
451 3646 524 3718 sive,
538 3660 607 3706 eum
623 3645 751 3723 aliquem
774 3645 898 3706 amicum
920 3663 984 3705 esse
1006 3645 1146 3733 putarint,
1167 3649 1211 3710 sic
1249 3659 1257 3692 ⁷

111 3738 257 3811 nitidare,
277 3750 321 3810 ut,
341 3739 456 3799 etiamst
468 3738 589 3818 craperit
609 3755 675 3797 essa
698 3737 831 3817 injurius,
849 3736 989 3796 facultate
1010 3737 1131 3798 ultionis
1154 3737 1212 3818 ipsi

111 3847 177 3891 sesa
190 3827 327 3910 spolient,
343 3829 460 3903 sive,'si
481 3827 569 3908 quem
588 3849 642 3910 pro
656 3829 773 3889 inimico
784 3829 920 3903 habeant,
935 3829 978 3889 sic
997 3829 1105 3901 odisse,
1123 3837 1167 3900 ut,
1186 3831 1214 3891 si

112 3919 252 4002 depositis
264 3919 340 3982 odiis
360 3921 392 3980 in
405 3923 530 4000 gratiam
551 3921 643 3982 redire
666 3920 745 3993 velit,
757 3919 1011 4002 prohibeantquo
1028 3920 1126 3978 minius
1146 3919 1212 3981 haec'

113 4015 209 4074 lacere
224 4013 333 4083 liceat;
351 4011 407 4074 sed
426 4012 568 4092 tantisper
590 4031 654 4072 mea
672 4010 791 4091 quidem
805 4012 960 4082 sententia,
977 4023 1039 4069 tum
1053 4009 1138 4083 odiis,
1150 4019 1212 4071 tum

114 4105 247 4166 amicitiis
262 4117 310 4167 ast
333 4106 592 4188 progrediendum,
615 4116 649 4166 ut
667 4105 770 4166 harum
792 4107 984 4165 occasionum
1010 4112 1114 4164 neutra
1135 4103 1212 4184 p'roe·

109 4207 250 4259 testatur.

154 4287 204 4348 3⁷1.
227 4287 305 4349 lllud
317 4307 405 4369 porro
419 4288 508 4353 etism
522 4309 578 4370 ego
592 4290 756 4371 perspicere
769 4284 893 4366 nequeo,
908 4302 960 4346 cur
974 4303 1034 4344 non
1047 4300 1147 4347 omnes
1158 4285 1215 4350 hos

113 4379 208 4441 ruinas
222 4379 326 4439 eadem
340 4381 396 4442 sihi
409 4383 497 4443 tribui
509 4383 684 4462 postulaturi
699 4383 769 4454 sint,
782 4379 946 4464 quicunque
961 4375 1113 4458 partulam
1125 4373 1213 4460 qnipss

113 4471 192 4554 piam
205 4471 236 4534 in
248 4491 304 4534 vos
316 4474 475 4536 contulisse
487 4466 671 4543 videbuntur,
682 4473 707 4533 si
720 4472 786 4534 hoec
800 4468 977 4532 Charidemo
991 4471 1212 4533 concesseritis:

651 4567 668 4624 3
688 4583 707 4623 ι
