2934 5000
252 294 310 351 ³52
615 285 787 351 CONTRA
810 284 981 347 morunt.

131 458 135 465 '
250 442 378 505 tuueliis
391 442 591 504 sffio‘sbsroioi
604 442 635 502 io
647 441 797 514 additus,
808 440 979 519 boeotique
990 436 1095 508 nostis,
1107 455 1162 507 sos
1174 434 1367 499 neo‘odiles

250 554 354 599 omnes
373 535 459 595 sirnul
473 555 550 608 esse,
569 554 665 614 neque
678 544 767 615 poste
786 548 955 613 quenquam
973 548 1026 592 sos
1044 530 1131 591 simul
1150 548 1266 601 ornnes,
1283 527 1367 590 urns‘

250 627 369 707 quidem
382 648 481 699 meno,
495 628 570 689 mole
583 637 719 689 tructsre.
750 626 811 687 Sed
825 645 894 685 curn
908 644 996 697 unus,
1009 624 1057 684 oui
1072 623 1154 684 iaetu
1167 621 1275 702 injuris
1294 632 1365 693 est,

251 737 355 798 poenas
375 738 435 777 non
458 719 623 799 sumpserit,
639 728 707 779 tum
725 736 962 796 unumquemque
983 724 1155 795 exspectsre
1176 724 1299 793 oportet
1324 736 1363 774 se

251 811 414 891 proximum
426 810 489 871 iore
501 811 595 891 ipsum
609 812 659 889 qui
674 811 712 875 sit
725 810 836 886 injuriis
848 802 1033 878 efficiendus,
1046 826 1143 887 oeque
1162 807 1235 866 tslis
1246 808 1362 886 ‘negli-

249 920 335 980 gere,
346 912 627 981 nequeesspectere
648 922 684 961 eo
698 921 793 979 usque
814 902 884 960 dum
901 900 986 959 simili
1005 898 1093 959 elude
1111 907 1269 976 prematur,
1295 898 1361 958 sed

251 994 341 1072 longe
360 1006 428 1053 unte
448 1014 622 1073 precavere.
649 994 723 1053 Odit
743 993 852 1053 Midiss
875 994 1001 1052 torum
1023 1010 1081 1050 roe.
1116 987 1256 1049 Vestrum
1276 1010 1359 1049 vero

207 1098 210 1107 ’
252 1102 398 1163 quemque
412 1086 486 1165 elius
502 1086 655 1166 quispiam.
678 1084 757 1148 Num
769 1085 858 1163 igitur
866 1082 1080 1153 concesseritis,
1094 1092 1129 1140 ut
1140 1082 1203 1157 ille,
1215 1082 1359 1160 quisquis

252 1178 356 1254 estqui
364 1186 492 1237 vestrum
501 1197 647 1256 quemque
661 1176 732 1247 odit,
745 1195 798 1253 pro
807 1176 927 1235 libidine
940 1194 997 1233 sua
1008 1176 1296 1252 vesoum'quemque
1308 1174 1361 1233 its

247 1276 367 1337 tractet,
393 1270 639 1347 quemadmodum
665 1269 720 1324 iste
747 1285 795 1323 me
813 1264 970 1325 tructssiti
991 1264 1136 1343 Equidem
1156 1283 1218 1321 non
1235 1264 1357 1341 opinor.

253 1358 381 1419 Proinde
395 1378 441 1417 me
455 1376 570 1435 quoque
584 1357 623 1415 sh
644 1356 728 1415 istius
747 1356 904 1415 insolentis
916 1354 1074 1415 defendite.
1103 1355 1217 1413 Saltem
1234 1355 1293 1413 hoe
1306 1357 1357 1414 vi-

253 1450 339 1511 dete:
356 1451 419 1530 jum
441 1450 538 1509 stetim
561 1448 612 1507 ubi
631 1446 960 1525 judioiumsurrexsrit,
984 1446 1187 1525 unusquisque
1207 1457 1357 1520 rubum,

254 1542 329 1603 elius
356 1544 480 1603 tortasse
500 1540 653 1610 maturius,
675 1539 750 1599 elius
780 1540 873 1599 sedus
892 1538 1013 1605 domum
1032 1526 1203 1611 revestitus
1215 1540 1297 1600 nulls
1318 1560 1357 1601 re

253 1634 405 1707 sollicitus,
416 1652 510 1712 neque
524 1641 763 1711 respectans,sut
771 1638 905 1691 metuens
913 1633 1081 1710 quicquum,
1091 1632 1151 1691 sire
1161 1632 1274 1691 amicus
1283 1634 1357 1707 sibi,
1437 1687 1441 1693 .

252 1726 313 1787 sire
326 1726 460 1787 inimicus
474 1726 589 1785 obvium
601 1724 697 1794 detur,
713 1742 808 1801 oeque
820 1742 906 1801 porro
920 1732 1019 1804 utrurn
1037 1742 1163 1802 magnus
1176 1743 1215 1783 en
1228 1742 1353 1803 penus,

253 1838 350 1896 neque
362 1828 464 1877 utrum¹
471 1817 607 1877 robustus
622 1835 660 1875 an
677 1815 839 1887 imbecillis,
855 1824 952 1893 neque
964 1815 1089 1893 deniqoe
1110 1816 1169 1875 tsle
1181 1818 1353 1895 quiequam.

255 1908 316 1968 Cur
329 1928 397 1967 vero
408 1906 526 1967 isthucl
548 1906 625 1975 Quis
643 1907 702 1969 hoo
713 1907 811 1966 animo
825 1925 884 1966 suo
893 1908 983 1978 norit,
997 1907 1055 1967 hoc
1068 1908 1143 1980 fidit,
1155 1918 1245 1987 stqm
1257 1909 1353 1969 fretus

253 2010 300 2057 est
317 1996 474 2077 republies,
490 2016 522 2057 se
541 1996 686 2058 unemine
703 1996 889 2069 trahendum,
909 2008 963 2059 sut
981 2000 1199 2078 exagitandum,
1219 2010 1353 2061 eutrer·

253 2090 416 2152 bernodum
429 2110 503 2151 esse.
547 2128 550 2134 v
1277 2149 1280 2154 ,

292 2185 347 2245 6ἳ..
364 2184 398 2243 Io
412 2203 470 2262 qus
483 2182 570 2263 igitur
582 2184 741 2245 securitate
754 2186 801 2245 itis
811 2185 878 2265 ipsi,
891 2185 1039 2264 nonprius
1049 2204 1085 2245 es
1096 2184 1167 2243 mihi
1179 2186 1354 2245 confirmate

255 2275 385 2337 vadetis?
407 2278 476 2341 Qua
487 2296 540 2357 spe
553 2277 640 2355 igitur
651 2288 702 2337 sut
711 2278 928 2357 exspectatione
937 2277 1008 2337 tslis
1018 2297 1185 2357 perpessum
1196 2298 1352 2357 superesse

252 2390 289 2435 to
302 2372 399 2433 sisere
413 2372 567 2451 oportebit,
581 2372 606 2432 si
628 2392 707 2432 nunc
730 2392 786 2433 vos
806 2392 853 2433 me
872 2372 1050 2452 negligetis?
1073 2375 1116 2433 At
1133 2372 1251 2433 hercole
1271 2374 1353 2434 dioet

253 2464 368 2544 aliquis,
389 2466 490 2540 bono
511 2467 633 2527 animo
654 2485 707 2526 es.
739 2465 845 2526 Nihil
865 2466 965 2527 enim
986 2465 1023 2525 in
1043 2476 1249 2547 posterum
1269 2469 1352 2529 tsle
1460 2483 1461 2527 l

252 2558 326 2618 tihi
352 2558 429 2618 fiet.
463 2558 543 2627 Quid
562 2579 631 2618 vero
652 2559 676 2618 si
700 2560 761 2631 het,
782 2568 846 2618 tum
862 2559 1038 2631 irascemini,
1058 2579 1127 2619 cunr
1139 2561 1234 2640 sequis
1247 2563 1351 2622 animis
1460 2628 1461 2637 χ

254 2669 334 2708 nunc
354 2649 473 2718 ieratisl
513 2650 718 2729 Nequaquam,
731 2650 936 2721 Athenienses,
951 2643 988 2710 ue
1011 2651 1162 2714 destituite
1179 2673 1273 2732 neque
1292 2675 1351 2728 roe,

254 2759 349 2820 neque
361 2742 566 2820 vosmetipsos,
578 2759 673 2819 neque
692 2742 782 2820 leges.
813 2742 890 2800 Num
899 2743 972 2802 illud
982 2743 1078 2822 ipsum
1088 2745 1113 2804 si
1126 2747 1311 2806 considerare
1318 2759 1352 2807 et
1460 2756 1461 2783 l

253 2830 395 2906 indagare
407 2831 524 2900 voletis,
536 2851 624 2910 quere
638 2832 688 2909 qui
700 2852 718 2890 e
730 2832 827 2903 vobis,
838 2834 901 2892 suis
913 2835 1022 2914 quique
1029 2838 1209 2915 temporibus
1218 2837 1269 2916 jos
1278 2839 1352 2899 dici·

253 2921 302 2989 tis,
318 2922 498 2980 seorossncti
512 2924 581 2994 sint,
595 2932 627 2982 et
639 2941 741 2982 omnes
754 2923 833 2983 cives
846 2924 876 2983 io
896 2945 950 2986 sus
974 2938 1120 3006 potestste
1139 2929 1277 3004 hubennt,
1290 2932 1350 2992 sire

253 3010 385 3082 ducenti,
406 3010 466 3070 sive
484 3011 575 3084 mille,
595 3014 656 3074 sive
676 3025 862 3094 quotcunque
874 3016 993 3095 judiees
1010 3021 1128 3098 publice
1146 3023 1206 3082 sint
1225 3022 1349 3091 delenti:

131 3135 138 3146 ι
252 3100 412 3182 reperietis,
422 3121 481 3160 oon
501 3104 567 3164 ideo
580 3105 651 3174 fleri,
666 3104 746 3182 quod
757 3107 812 3167 soli
833 3126 870 3166 es
882 3109 1000 3188 reliquis
1020 3113 1106 3171 ermis
1119 3113 1251 3192 insignes
1264 3127 1295 3176 et
1306 3116 1350 3175 in·

253 3194 1349 3282 structi,autcorporibuslectissimisetvsieotissimisprnditisintjudices,
1460 3274 1461 3277 Ἴ

254 3299 305 3348 sut
315 3300 403 3350 etate
415 3287 622 3360 florentissimi,
636 3299 689 3347 sut
701 3289 762 3350 ullo
774 3310 804 3348 re
818 3291 944 3368 denique
957 3292 1058 3364 simili,
1074 3295 1128 3355 sed
1140 3299 1221 3375 quod
1236 3300 1349 3378 legibus

253 3383 379 3444 rulesnt.
405 3381 515 3460 Legum
528 3394 626 3441 sutem
637 3381 680 3470 viq
693 3381 793 3459 inquo
803 3379 871 3441 esti
886 3381 993 3441 Utrum
1002 3385 1089 3459 ineo,
1102 3389 1128 3446 si
1140 3390 1208 3466 quis
1219 3372 1347 3451 restrum

253 3473 376 3540 effectus
385 3474 496 3550 injuriis
506 3474 684 3546 erelemsrit,
695 3485 726 3532 ut
735 3473 807 3556 ipsse
815 3485 970 3534 scourrsnt
979 3486 1011 3536 et
1018 3481 1175 3557 presentis
1186 3501 1243 3542 suu
1253 3483 1350 3563 opitu·

252 3563 370 3624 lentur?
403 3565 483 3624 Non.
512 3565 617 3626 Literse
629 3566 706 3626 enim
721 3575 801 3638 sunt,
813 3576 845 3627 et
856 3567 1003 3646 scripturn
1014 3569 1273 3653 constsntnequs
1283 3573 1348 3636 'hoe

253 3655 358 3716 isoere
369 3665 505 3734 possunt.
515 3705 518 3717 .
527 3655 562 3716 In
576 3656 853 3736 quoigituressqm
866 3657 909 3717 sis
925 3660 991 3719 esti
1019 3660 1052 3719 Si
1065 3681 1119 3722 sos
1130 3683 1183 3724 ess
1195 3665 1349 3728 confima-

251 3749 332 3819 hius,
346 3758 377 3826 et
384 3767 504 3826 semper
526 3758 605 3808 rstss
623 3751 795 3812 exhibebitis
816 3753 948 3813 omnibus
968 3773 1068 3814 esrum
1087 3776 1174 3838 opem
1195 3760 1348 3840 imploren-

252 3843 341 3904 tibus.
370 3841 459 3917 ltset
469 3839 552 3918 leges
566 3859 617 3919 per
631 3845 789 3904 vosfinnn
801 3853 882 3914 sunt,
896 3856 929 3906 et
939 3865 993 3908 vos
1005 3867 1058 3927 per
1069 3847 1162 3928 leges.
1193 3851 1250 3912 llo
1263 3854 1348 3933 igtur

252 3935 294 3996 its
314 3944 384 3996 sunt
404 3931 608 4005 defendendo,
627 3943 668 3992 ,ut
687 3936 818 4014 seipsum
836 3941 1038 4019 uniusquisque
1061 3941 1215 4005 defensum
1239 3949 1277 4007 sb
1295 3949 1347 4008 ‘in-

246 4028 325 4108 juris
346 4025 445 4098 vellet,
466 4025 624 4105 legumque
647 4026 822 4089 siolstiooes
842 4032 986 4111 pertinere
1007 4032 1046 4094 sd
1066 4051 1169 4096 omnes
1195 4048 1266 4099 sunt
1288 4042 1347 4100 eri·

251 4119 414 4189 stimsndae,
427 4117 457 4178 io
465 4123 656 4196 quoeunque,
667 4111 933 4198 deprehenderunt,
949 4145 1046 4205 neque
1058 4126 1140 4188 obite
1151 4147 1281 4201 munere,
1294 4151 1345 4190 ne-

250 4228 307 4288 que
327 4207 416 4274 borno
436 4209 521 4282 ullus,
540 4229 634 4289 neque
647 4210 792 4273 calliditas
804 4213 867 4293 ulls
877 4217 1005 4296 reperiri,
1023 4228 1078 4278 sut
1096 4220 1255 4300 quiequam
1268 4223 1346 4284 aliud

251 4299 349 4368 debet,
363 4300 442 4378 quod
457 4301 558 4381 legum
568 4303 738 4364 violatorem
744 4304 885 4386 odendis
897 4309 994 4386 poenis
1005 4311 1121 4390 eripiet

285 4393 349 4454 26³:
362 4393 421 4456 oui
435 4393 668 4458 Bacchanalibus
676 4397 706 4457 in
718 4395 866 4465 mooun
873 4399 1085 4479 ingredientem
1095 4404 1238 4473 videbatis
1246 4408 1345 4479 istun
