2934 5000
335 345 490 406 ORATIO
512 344 595 404 PRO
616 343 971 411 MEGALOPOLITIS.
1142 350 1200 411 loa

118 510 152 560 ut
159 499 296 572 ibellum,
306 499 332 560 si
340 499 542 560 Orchomenus
550 509 580 559 et
588 499 722 580 'lbespiae
730 511 761 560 et
769 501 888 561 Plateis
902 502 1071 562 munorum
1084 503 1201 576 llmr'mt,

119 592 233 660 iufirmi3
256 591 480 664 Lacednm0nii,
489 593 514 651 si
529 591 687 652 Arcadiam
706 593 874 672 subegerint
887 603 918 652 et
932 591 1141 672 Megnlopolim
1153 613 1205 654 ce·

118 686 222 764 perlui,
232 685 268 744 de
277 685 389 764 integro
398 693 534 764 potentes
548 684 605 746 sint
617 685 715 746 futuri.
737 684 904 745 Videndum
914 683 1002 764 igitur
1011 697 1066 758 est,
1076 705 1114 745 ne
1125 683 1205 765 ptius

118 777 171 836 bos
179 776 375 836 formidabiles
388 785 419 835 et
428 793 551 854 magnos
560 776 622 835 lieri
630 777 767 847 sinamus,
779 795 867 854 quam
876 776 919 836 illi
927 777 1068 837 attenuati
1081 778 1204 838 luerint:

117 887 191 928 neve
204 869 280 929 clam
297 867 381 928 nobis
397 867 678 928 Lscedarmonionrm
692 889 764 949 opes
777 869 872 929 molto
884 874 1007 944 mqjores
1018 870 1099 943 liant,
1112 889 1205 948 quan—

117 969 179 1018 tum
191 957 347 1020 Thebanae
359 958 448 1016 minui
458 959 606 1018 conducit.
626 959 729 1038 Neque
740 960 818 1019 enim
832 961 904 1020 illud
917 962 1048 1040 prolecto
1060 961 1205 1034 dicemus,

118 1054 204 1114 malle
227 1071 292 1125 nos,
305 1053 517 1134 permutatione
537 1054 627 1125 facta,
647 1053 884 1115 Lacedaemonios
901 1054 1008 1114 habere
1027 1056 1206 1117 adversarios

117 1163 206 1223 quam
217 1147 388 1214 Thebanum
407 1163 500 1224 neque
514 1145 573 1205 lroc
587 1144 658 1203 illud
671 1155 717 1205 est
730 1146 808 1223 quod
822 1147 961 1226 consequi
975 1147 1134 1220 studemus,
1154 1148 1220 1228 sed¹

115 1235 174 1295 boc
194 1249 296 1298 contra
312 1247 347 1297 ut
357 1237 453 1296 neutri
466 1255 520 1296 nos
537 1236 604 1296 ullis
621 1236 732 1316 injuriis
752 1233 868 1298 officere
891 1239 1027 1317 possintt
1047 1239 1113 1298 boec
1130 1241 1208 1300 enlm

114 1329 410 1406 optimamtiolberit
426 1347 471 1390 res
491 1339 605 1389 nostras
626 1330 655 1388 in
676 1339 741 1388 mm
760 1329 935 1391 collocandi.
970 1332 1009 1389 At
1028 1331 1146 1392 hercule
1165 1332 1209 1392 sic

115 1429 252 1496 oportere
272 1419 334 1478 lieri
348 1421 513 1492 fatebimur,
530 1422 658 1481 sednon
674 1441 739 1482 esse
752 1423 994 1482 committendum
1014 1424 1154 1496 dicemus,
1174 1432 1209 1483 ut

118 1527 221 1569 eorum
235 1513 403 1572 societatem
417 1513 635 1593 amplectamur,
649 1531 716 1574 cum
730 1513 836 1593 quibus
850 1515 889 1573 sd
904 1515 1081 1573 Mantineam
1095 1514 1208 1574 collatis

117 1601 212 1677 signis
226 1605 463 1680 pugnaverimus:
485 1611 516 1661 et
528 1621 606 1662 nunc
620 1606 699 1683 ipsos
709 1607 844 1686 juvemus
857 1616 959 1665 contra
974 1606 1050 1678 illos,
1066 1624 1132 1666 cum
1145 1607 1209 1684 qui·

116 1695 255 1752 bustum
273 1707 428 1752 commune
444 1694 604 1770 pericnlum
625 1697 803 1750 adierimusl
823 1696 1016 1773 Egoquoque
1029 1697 1124 1755 inbnc
1142 1715 1209 1756 seo·
1247 1729 1252 1738 ·

116 1784 209 1842 tentia
222 1801 303 1842 snm:
324 1785 376 1843 sed
391 1785 461 1842 illud
477 1783 563 1842 etism
574 1781 641 1840 mihi
651 1784 855 1861 requirendum
869 1787 994 1860 videtur,
1006 1787 1208 1867 utalteriqoe

117 1895 205 1953 oequa
217 1885 286 1935 ont
298 1875 394 1935 iacere
405 1895 464 1934 non
483 1885 629 1934 recusent.

159 1971 188 2026 3.
210 1968 298 2033 Quod
311 1969 336 2026 si
348 1985 449 2028 omnes
462 1983 563 2046 pacem
580 1983 666 2046 egere
682 1967 791 2040 volent,
807 1967 1035 2049 Megalopolim
1054 1989 1113 2032 non
1121 1973 1208 2052 juva·

119 2061 224 2128 bimus,
244 2057 325 2119 nulla
338 2060 505 2138 postulante
524 2060 713 2118 necessitate:
732 2060 833 2137 itaque
847 2061 919 2119 nibil
938 2055 1090 2123 moliemur
1107 2065 1208 2126 adver·

121 2171 172 2210 sus
186 2169 248 2220 eos,
261 2151 470 2227 quinobiscum
480 2151 509 2208 in
518 2143 580 2210 aci'c
590 2158 741 2210 steterunt.
762 2150 841 2209 Nam
850 2141 1209 2233 etalteri‚ntprolitentur,

114 2241 179 2321 jem
193 2243 263 2301 socii
282 2241 371 2300 nostri
391 2249 474 2300 sunt:
496 2251 525 2300 et
544 2240 627 2307 elteri
640 2259 716 2298 nunc
736 2241 888 2300 nobiccum
904 2261 936 2302 se
948 2245 1138 2324 conjungent.
1168 2251 1210 2310 Et

119 2334 193 2412 quid
206 2343 375 2413 exoptemus
389 2332 491 2393 aliud?
511 2333 551 2392 At
569 2332 594 2390 si
609 2331 821 2391 Lacedaemonii
829 2333 896 2412 jure
912 2336 1018 2394 violato
1030 2338 1141 2396 bellum
1153 2341 1209 2402 iuis

119 2426 279 2498 intulerint,
290 2424 422 2505 equidem
433 2425 458 2484 si
472 2423 537 2484 haec
549 2423 617 2492 'sola
624 2424 747 2503 quaestio
759 2434 926 2498 verteretur,
939 2435 1037 2485 utrum
1049 2448 1103 2488 nos
1119 2430 1207 2493 Luce·

119 2518 270 2578 demoniis
284 2516 493 2597 Megalopolim
510 2516 676 2576 condonare
696 2515 855 2577 debeamus
868 2538 970 2590 necne,
990 2538 1051 2578 non
1068 2542 1208 2602 repugno,

119 2628 285 2690 quanquam
297 2610 427 2689 iniquum
440 2608 470 2668 id
484 2621 571 2682 esset,
584 2608 795 2682 condonemus,
808 2630 904 2690 neque
918 2613 1074 2691 quicquam
1087 2614 1142 2675 illis
1155 2618 1208 2677 ad-

119 2722 266 2763 versemur
276 2702 327 2781 qui
340 2712 410 2762 tunc
422 2702 525 2761 eadem
535 2700 667 2781 pericula
676 2720 735 2761 una
749 2704 899 2762 nobiscum
911 2704 1053 2770 adierunt.
1075 2707 1126 2767 Sin
1141 2728 1208 2772 vero

118 2795 198 2856 scitis
211 2814 321 2867 omncs,
334 2794 390 2855 lrsc
403 2804 498 2875 capte,
512 2812 561 2853 eos
577 2795 747 2854 Messenam
765 2812 964 2873 aggressurus,
979 2797 1059 2858 dicat
1070 2800 1140 2860 mihi
1154 2802 1224 2861 ali-¹

120 2887 186 2967 quis
205 2888 337 2958 istorum,
345 2887 401 2966 'qui
415 2886 632 2967 Megalopolitis
646 2906 725 2946 nunc
745 2886 842 2946 infesti
857 2898 935 2960 sunt,
953 2889 1127 2967 quidnobis
1144 2903 1220 2953 tuens·

120 2998 259 3039 suasurus
280 2979 339 3038 siti
361 2980 456 3039 Nemo
473 2979 640 3058 respondet.
671 2978 761 3059 Atqui
775 2981 855 3039 scitis
869 3000 981 3051 omnes,
996 2982 1057 3041 sire
1074 2971 1130 3042 nu
1140 3002 1208 3046 sue·

119 3072 212 3132 deam
230 3072 289 3131 siue
307 3070 507 3143 dissuadeant,
528 3090 611 3149 opem
634 3088 698 3131 esse
718 3071 877 3144 ferendam,
898 3090 965 3131 cnm
984 3074 1104 3152 propter'
1116 3075 1208 3137 ictum

119 3184 189 3223 cum
204 3162 359 3222 Messeniis
372 3163 478 3234 loedus,
492 3174 553 3221 tum
567 3163 636 3241 quia
649 3162 764 3241 expedit
775 3174 809 3223 nt
820 3183 857 3223 ea
869 3166 940 3223 urbs
956 3164 1108 3225 incolatur.
1130 3169 1207 3229 Cum

119 3254 225 3315 animis
238 3253 325 3331 igitur
336 3254 438 3312 vestris
452 3254 587 3332 cogitate,
601 3264 697 3313 utrum
706 3254 820 3313 initium
829 3256 913 3314 nobis
920 3256 1071 3315 honestius
1078 3257 1208 3319 loturum

118 3347 204 3408 sitet
220 3344 375 3403 humanius
392 3343 431 3403 ad
450 3344 627 3403 coercendas
647 3344 765 3423 iujurias
787 3345 1094 3405 Lacedaemoniorum?
1114 3346 1207 3411 hocne

116 3458 171 3519 pro
185 3436 353 3498 defensione
363 3434 567 3515 Megalopolis,
578 3454 615 3495 au
628 3434 699 3494 illud
708 3436 747 3495 ed
761 3438 930 3496 Messenam
937 3431 1099 3497 mendant
1120 3440 1206 3504 Nunc
1232 3424 1236 3432 ⁴

119 3531 236 3610 quidem
256 3526 418 3588 Arcadibus
432 3526 568 3607 opitulari
580 3546 632 3587 vos
646 3536 675 3587 et
692 3528 774 3606 pacis
783 3527 998 3594 ,conservationi
1014 3531 1141 3606 sordere,
1154 3554 1207 3614 pro

64 3664 68 3669 -
121 3642 179 3702 qun
192 3620 344 3703 periclitati
357 3620 427 3681 estis
437 3630 468 3679 et
480 3621 510 3679 in
523 3620 585 3679 acie
599 3618 767 3691 dimicastis,
781 3619 939 3698 apparebit.
972 3620 1047 3681 'l'um
1059 3642 1128 3685 vero
1138 3644 1206 3705 pers

120 3716 253 3794 spiceum
272 3712 327 3773 erit
344 3712 476 3771 omnibus
496 3730 548 3771 uos
569 3710 738 3771 Messanam
765 3710 839 3771 velle
859 3710 1043 3785 incolumem,
1065 3736 1125 3776 non
1143 3724 1204 3777 tam
1333 3725 1337 3734 ·

120 3807 265 3886 aequitatis
274 3823 366 3865 cursa
378 3822 464 3883 quern
476 3813 557 3863 metir
568 3796 862 3863 lacedemoniorum.
883 3804 1002 3883 Semper
1020 3816 1119 3866 antem
1139 3826 1204 3885 spe·

120 3901 192 3961 ctari
202 3910 232 3959 et
244 3899 293 3978 agi
305 3898 412 3958 debent
419 3916 461 3957 es
473 3914 539 3977 qum
547 3897 628 3976 justa
641 3905 726 3955 sunt:
741 3895 886 3977 simulque
898 3896 998 3957 danda
1008 3907 1054 3957 est
1068 3907 1207 3977 operam

122 3992 321 4053 ademenam
334 3988 501 4069 expediant.
526 4012 530 4021 ⁴

160 4089 190 4148 4.
211 4082 338 4145 efferor
351 4093 383 4143 et
397 4082 464 4142 tulis
477 4080 610 4161 quadam
624 4080 697 4141 rstio
710 4081 747 4141 ab
761 4079 931 4141 adversariis
948 4080 1060 4148 nostis,
1078 4077 1205 4140 dandum

122 4196 185 4237 esse
198 4194 315 4256 operam
327 4184 363 4233 ut
373 4174 504 4253 Oropum
523 4174 702 4253 recipiamus
726 4172 817 4240 Quod
831 4172 856 4231 si
869 4190 931 4241 eos,
946 4169 996 4247 qni
1013 4168 1052 4227 ad
1061 4186 1129 4227 eum
1143 4189 1204 4232 rem

62 4256 66 4265 ⁸
123 4269 267 4349 adjutores
281 4268 388 4346 alioqui
400 4266 532 4339 luissent,
542 4265 808 4335 abalienaverimus,
822 4262 893 4323 socii
905 4261 989 4321 nobis
997 4258 1057 4319 sint
1069 4260 1203 4329 (lenitati.

123 4360 187 4439 Ego
199 4358 416 4433 numdandum
433 4376 497 4418 esse
516 4376 632 4437 operam
645 4368 680 4440 ut
693 4356 811 4435 Oropus
824 4359 1019 4431 temperetur,
1033 4364 1065 4414 et
1079 4355 1142 4436 ipse
1156 4360 1200 4420 es.
1262 4404 1267 4424 ,
