2934 5000
331 403 336 412 ’
360 383 530 447 CONTRA
552 383 894 450 ARISTOGITONEM
917 387 940 448 l.
1121 387 1182 445 tol·

89 535 254 596 videamini.
283 535 393 599 Omnes
403 539 481 600 enim
491 539 614 620 improbi
623 559 677 620 per
688 561 720 601 se
729 541 834 602 infirmi
845 522 932 602 sunt':
954 537 1041 620 quem
1051 555 1119 616 vero
1129 553 1182 596 ros

89 628 206 697 fovetis,
217 627 252 687 fit
263 639 378 708 potens.
404 631 509 699 'Quod
523 637 557 691 ut
570 632 607 703 ei,
618 633 668 692 cui
678 631 744 693 brec
758 632 876 696 licentia
890 631 1024 710 contigit,
1034 638 1181 709 quaestum

89 729 120 777 et
130 721 287 797 potentium
297 731 397 800 suget,
407 721 449 781 ite
460 723 547 782 vobis
558 733 601 782 est
613 724 676 803 ejus
688 723 814 784 licentias
825 723 1004 795 euctcribus,
1018 719 1182 800 opprobrio.¹

131 813 159 869 3.
181 807 355 890 Pn’usquem
369 821 477 884 autem,
487 811 690 886 Athenienses,
704 815 741 875 de
753 815 870 894 privetis
882 814 969 876 istius
980 813 1065 893 lactis
1076 808 1183 890 dicam,

90 919 142 961 vos
155 901 488 983 diligenterexpendere
500 904 596 976 selim,
615 915 646 964 et
665 906 780 983 paucis,
800 907 829 964 in
850 915 990 985 quantum
1005 903 1136 964 dedecus
1153 911 1185 962 ct

90 992 278 1070 ignominiam
292 993 439 1054 civitatem
452 993 569 1074 publice
583 997 763 1072 ‘conjecerim
776 1015 878 1059 omnes
888 995 1051 1057 istiusmodi
1064 994 1183 1065 belluae,

48 1076 54 1089 ⁵
90 1103 214 1164 quarum
227 1085 353 1158 medius,
366 1097 397 1144 et
405 1089 580 1166 postremus,
594 1096 624 1147 et
635 1087 744 1166 primus
753 1087 809 1146 iste
820 1099 873 1146 est.
898 1087 968 1160 Qui,
979 1077 1117 1165 qum'alie
1130 1085 1182 1145 de·
1263 1157 1270 1168 ι

91 1179 218 1256 signent,
230 1187 392 1258 praeterect
414 1178 512 1252 sedin
528 1181 685 1239 conciones
698 1177 874 1248 escendunt,
889 1177 1037 1258 inquibus
1050 1197 1102 1237 vos
1117 1181 1185 1236 seu*
1200 1237 1203 1242 ,

92 1272 191 1337 tentioe
204 1271 372 1343 dictionem,
385 1292 445 1330 non
458 1271 651 1351 improbitatis
666 1271 890 1347 ostentationem
903 1269 1063 1329 oratoribus
1075 1287 1183 1349 propc-

92 1367 171 1436 nitis,
181 1361 313 1435 abducis,
327 1361 543 1434 vociferatione,
557 1362 638 1422 lelsis
651 1361 907 1432 criminationibus,
921 1360 1077 1432 calumnie,
1090 1359 1185 1437 impu:

91 1456 202 1526 dentis,
217 1455 353 1515 omnibus
365 1454 492 1532 denique
504 1455 569 1533 ejus
583 1455 696 1534 generis
710 1456 798 1514 rebus
812 1451 953 1512 instructi
986 1451 1061 1518 une
1074 1449 1185 1530 delibe⁴

91 1542 1187 1624 rantibuscmniumsuntinirnicissimae,atqueetismcmniumturpissimus,¹

92 1652 126 1699 ut
134 1639 265 1698 arbitror.
279 1638 335 1697 llis
344 1637 456 1718 pr'obris
467 1626 582 1698 omnem
591 1638 738 1716 publicam
746 1637 929 1698 honestatem
937 1643 1085 1716 superent,
1095 1634 1185 1712 leges,
1200 1666 1208 1674 ·*

91 1730 244 1812 praesides,
261 1729 533 1808 promulgationem,
548 1729 742 1810 disciplinam.
767 1729 841 1798 Qute
859 1725 884 1788 si
900 1747 952 1788 vos
966 1727 1144 1808 approbatis,
1161 1727 1186 1786 si

92 1832 190 1883 vestro
204 1821 324 1902 consilio
341 1821 426 1895 fiunt,
442 1841 575 1901 pergere,
588 1842 647 1906 uon
668 1821 813 1902 prohiberi
834 1821 962 1882 debent:
984 1819 1029 1880 sin
1049 1839 1085 1881 ee
1097 1820 1188 1881 corri-⁴
1278 1842 1281 1848 ¹

93 1915 193 1996 gendo
204 1914 251 1975 rel
263 1930 342 1974 nunc
359 1931 425 1974 esse
441 1912 557 1986 ducitis,
571 1925 601 1974 et
619 1934 685 1994 quse
695 1913 852 1993 jamdicta
871 1921 950 1984 sunt,
963 1911 1056 1971 multo
1074 1922 1143 1971 ente
1157 1910 1189 1973 et¹

93 2007 183 2085 longo
188 2006 251 2085 jam
263 2016 394 2084 tempore
408 2006 529 2083 turpiter
538 2007 576 2064 ab
590 2004 653 2071 istis
667 2013 698 2065 et
711 2003 787 2064 mele
801 2003 950 2084 diversata,
960 2002 1142 2063 restituenda
1155 1999 1190 2062 in'

93 2098 251 2175 integrum,
264 2095 362 2154 omnia
374 2093 462 2174 hujus
484 2094 598 2172 generis
618 2094 735 2172 ingenis
753 2092 841 2154 hodie
861 2104 930 2154 tunt
949 2092 1137 2172 negligenda,
1157 2103 1190 2153 et

93 2209 161 2247 vere
173 2185 424 2268 pronunciandum
437 2194 493 2257 est,
507 2196 538 2244 et
549 2185 695 2270 requitatis
709 2185 804 2244 amice
818 2183 926 2262 Legum
941 2185 1053 2242 sanctio
1066 2185 1190 2246 maximi

95 2277 242 2350 faciende,
253 2297 321 2356 quse
332 2294 433 2336 omues
448 2287 479 2336 et
487 2278 589 2347 urbes,
602 2287 633 2335 et
644 2276 781 2355 regiones
794 2285 901 2347 tuetur,
916 2284 946 2334 et
958 2275 1142 2354 inexorabilis
1150 2297 1187 2337 ec

95 2368 263 2430 venerande
274 2366 404 2440 iustitie,
419 2387 507 2446 quam
521 2368 545 2428 is
559 2366 812 2448 qui'sacrosencte
825 2365 907 2426 initia
921 2367 1003 2426 nobis
1017 2368 1190 2444 monstravit

94 2463 243 2545 Orpheus,
257 2459 332 2523 sclic
345 2459 429 2521 loris
443 2460 632 2532 assidentem,
647 2460 745 2521 omnia
759 2459 839 2520 lacte
851 2459 1002 2519 hominum
1017 2457 1059 2519 eit
1071 2457 1190 2539 intueri.¹
1226 2499 1229 2510 .

97 2558 169 2615 Eam
184 2554 383 2633 unusquisque
396 2551 426 2612 in
439 2572 473 2613 se
486 2552 613 2632 defigere
628 2563 712 2634 putet
724 2550 839 2624 oculos,
852 2553 951 2632 itaque
965 2552 1146 2631 pronunciet,
1155 2562 1189 2611 ut

95 2659 209 2718 careat,
229 2657 261 2705 et
276 2646 437 2726 provideat,
452 2667 490 2705 ne
511 2665 574 2704 eum
589 2644 769 2726 pudefeciet,
786 2664 803 2703 n
822 2662 881 2723 qus
898 2662 1062 2723 cognomen
1075 2642 1189 2703 habetis

96 2738 212 2821 singuli,
226 2737 276 2819 qui
289 2747 368 2797 sorte
379 2737 495 2819 judices
512 2756 628 2817 quoque
642 2748 772 2817 tempore
787 2734 892 2796 delecti
906 2737 988 2806 estis,
1001 2735 1040 2795 ed
1061 2734 1190 2794 omniurn

94 2833 126 2891 in
139 2829 298 2911 republicav
308 2828 477 2907 degentium
490 2828 686 2900 honestatem,
706 2838 737 2886 et
751 2826 811 2907 jus,
825 2837 857 2886 et
871 2826 1025 2886 utilitatem
1039 2826 1189 2897 tuendum,

95 2934 129 2983 et
139 2923 279 2983 hodierno
290 2920 338 2980 dle
351 2930 489 2998 tanquam
500 2919 664 2998 depositum
672 2918 863 2998 jurejurando
876 2917 1019 2997 adstricti,
1033 2917 1193 3002 accepistis

96 3036 116 3075 a
126 3016 250 3091 legibus,
260 3008 407 3089 republica
417 3020 450 3070 et
463 3012 565 3091 patria.
583 3010 671 3079 Quod
687 3012 768 3070 niite
777 3010 857 3070 eritis
869 3009 999 3082 animati,
1014 3009 1065 3068 sed
1079 3028 1132 3087 pro
1142 3028 1189 3068 sc-

95 3106 151 3164 lite
161 3101 299 3162 facilitate
312 3102 434 3180 ingressi
447 3101 596 3173 sedebitis,
611 3122 710 3162 vereor
725 3122 762 3163 ne
776 3103 863 3179 resin
879 3102 1026 3162 diversum
1038 3111 1142 3173 vertet,
1160 3113 1193 3163 ct
1279 3164 1281 3169 ,

98 3217 164 3265 nos,
179 3195 249 3253 dum
266 3192 493 3271 Aristogitonem
507 3212 691 3264 accusamus,
703 3211 757 3253 vos
777 3211 915 3252 accesere
928 3192 1087 3252 videamur.
1122 3195 1191 3258 Quo

44 3274 52 3285 ’
97 3285 353 3378 enimevidentius
372 3294 521 3343 ostensam
544 3302 562 3343 a
582 3284 690 3343 nobis
683 3283 767 3343 ratius
787 3282 1039 3366 improbitatem
1020 3301 1074 3347 vot
1094 3284 1191 3351 ulnus

97 3376 278 3445 curaveritis,
293 3394 328 3436 ec
342 3376 435 3455 majus
449 3374 579 3435 dedecus
593 3374 770 3453 suscipietis.
915 3388 917 3393 ·

138 3470 292 3547 Atque
305 3468 370 3526 lnec
390 3466 542 3527 hactenus.
573 3465 703 3526 Omnino
720 3476 829 3537 eutem,
852 3466 1054 3549 Athenienses,
1068 3465 1190 3526 lentilia-
1221 3518 1225 3535 ,

98 3564 167 3621 riter
179 3578 264 3639 agam
273 3558 436 3627 vobiscum
446 3557 661 3618 etveredicam.
678 3558 756 3636 Ego
750 3574 779 3616 ιιι
789 3556 1050 3617 ιοιιιιιοιιιιιιιιιιιιιι
1061 3557 1190 3617 viderem

98 3652 237 3715 constitui
250 3670 297 3710 me
310 3670 328 3709 s
341 3650 433 3722 vobis,
446 3661 476 3708 et
488 3640 577 3731 deligi
591 3650 650 3709 ed
643 3651 726 3709 istius
746 3649 960 3709 accusationem
964 3668 1062 3728 ,tegre
1076 3650 1140 3721 tuli,
1154 3653 1192 3711 eb

98 3767 216 3826 eaque,
217 3740 259 3807 ita
271 3763 318 3804 me
331 3742 371 3801 dii
385 3742 507 3846 demque
520 3760 621 3804 omnes
642 3754 752 3813 ament,
768 3742 913 3801 abhorrui.
939 3742 1042 3847 Neque
1056 3744 1133 3801 enim
1147 3743 1191 3821 ig·

99 3838 250 3909 notabam,
264 3854 329 3894 eum
345 3854 395 3922 qm
387 3833 466 3907 tale
476 3852 582 3899 munus
593 3834 671 3913 apud
686 3853 738 3893 vos
752 3826 881 3907 obiisset,
894 3850 954 3895 non
966 3834 1028 3894 siue
1038 3834 1116 3894 malo
1130 3833 1192 3911 abi-

98 3939 207 3998 turum,
220 3926 299 4005 quod
314 3926 340 3984 si
352 3929 466 3984 tentum
485 3943 543 3982 non
564 3938 652 3995 esset,
666 3926 809 3985 utstatim
828 3926 995 3998 sentiretur,
1015 3934 1047 3984 et
1067 3923 1090 3983 si
1112 3941 1213 4002 saepe.

99 4016 228 4091 lecisset,
244 4039 298 4088 nec
311 4017 474 4095 desisteret,
488 4016 621 4087 celeriter
633 4016 667 4077 iri
682 4016 843 4096 cognitum·
870 4016 1000 4076 Necesse
1014 4024 1113 4094 tamen
1124 4034 1191 4075 esse

98 4114 182 4194 duxi,
193 4112 299 4192 vestris
311 4130 413 4192 perere
427 4108 636 4170 voluntatibus.
669 4110 713 4169 Ac
727 4108 880 4169 deletionis
899 4106 1018 4183 quidem
1033 4125 1148 4177 causas,
1162 4116 1193 4169 et

94 4206 163 4286 jors
187 4206 297 4283 legum,
310 4204 416 4283 ipsum,
432 4200 462 4259 id
481 4201 560 4279 quod
582 4200 660 4270 lecit,
675 4200 840 4281 Lycurgum
862 4196 1021 4255 evicturum
1040 4199 1195 4276 putabam,

99 4316 245 4387 eumque
236 4306 326 4354 testes
337 4293 545 4373 improbitatis
537 4293 620 4352 istius
634 4292 724 4351 citare
738 4288 892 4349 videbam:
886 4306 975 4373 ,ιιιιιι
988 4297 1085 4348 eutem
1099 4298 1129 4347 et
1141 4308 1192 4349 cc-

100 4388 193 4468 gttare
203 4406 254 4446 ecs
257 4404 323 4466 qnt
332 4404 417 4463 super
426 4384 577 4463 republica
584 4392 615 4442 et
623 4383 737 4460 lembus
746 4380 916 4451 deliberant
926 4378 1193 4453 conveniensem

88 4480 279 4561 cumspicere
293 4476 408 4549 decent,
418 4494 455 4535 ee
467 4472 694 4548 diceroinstitui,
707 4472 745 4532 ad
759 4490 851 4551 ecque
864 4472 1039 4553 explicanda
1051 4492 1129 4535 nunc
1139 4494 1232 4553 eg
