2934 5000
287 275 342 332 114
447 285 451 291 '
642 270 802 335 LITERAE
822 271 1017 334 PHILIPPI.

282 421 361 494 riunc
375 447 442 490 vero
455 437 536 490 tenta
550 439 595 490 est
613 428 674 490 odii
688 429 777 490 vestri
797 427 828 489 in
845 447 892 489 me
905 426 1062 500 acerbitas,
1074 434 1108 486 ut
1119 423 1157 486 de
1168 423 1299 487 ineundo
1309 444 1384 486 com

246 567 258 576 ,
282 541 320 582 eo
330 532 433 582 contro
445 540 492 582 me
504 522 644 584 societate
657 521 764 600 egetis.
793 521 887 599 Atqui
901 519 970 579 olim
983 513 1196 599 petressestri,
1207 527 1242 576 ut
1253 536 1312 596 ego
1325 538 1383 578 su·

283 611 343 683 dio,
357 612 546 673 Pisistratidis
559 607 671 672 crimini
683 612 803 685 dobant,
815 613 895 690 quod
911 605 1030 672 Persam
1047 611 1078 670 in
1099 609 1222 670 Grsecos
1245 610 1383 669 adduce-

283 697 375 764 rentr‘
387 725 438 764 vos
461 723 529 765 vero
553 705 704 764 euincere
728 723 786 763 non
802 703 905 784 pudet,
926 705 965 764 ob
989 722 1056 781 quoe
1076 712 1217 784 tyrannos
1234 721 1384 763 accusare

283 795 432 856 solebatis.

321 891 351 946 4.
373 889 452 956 Quin
479 899 584 969 praeter
610 890 667 951 aiis
708 891 813 950 ecretie
834 889 939 950 vestris
961 889 1132 949 mandatum
1153 887 1319 959 inscribitis,
1344 897 1382 946 ut

283 977 379 1039 Teren
398 991 429 1040 et
451 979 680 1061 Cemobleptem,
694 981 776 1059 quod
795 983 874 1042 cives
888 981 1081 1040 Athenienses
1093 981 1161 1052 siut,
1175 979 1307 1038 Threcire
1322 978 1380 1037 do·

282 1071 385 1132 minari
398 1073 501 1132 sineru.
543 1073 609 1152 Ego
622 1091 690 1134 vero
707 1073 792 1143 istos,
801 1091 899 1151 neque
913 1072 1008 1153 pectis
1021 1072 1059 1132 de
1071 1089 1144 1152 pnce
1156 1072 1299 1131 contineri
1315 1089 1380 1129 me-

282 1163 424 1224 minione
442 1154 605 1234 vobiscum,
619 1183 714 1244 neque
728 1164 872 1224 columnis
888 1164 1054 1244 inscriptos,
1069 1183 1166 1242 neque
1180 1163 1379 1222 Athenienses

281 1275 364 1316 esse:
379 1257 450 1336 quin
463 1257 556 1318 Teren
566 1267 728 1318 contrsvos
742 1276 857 1316 mecum
870 1276 952 1318 erma
964 1257 1065 1317 tulisse
1075 1257 1153 1324 σάος
1176 1265 1207 1314 et
1221 1252 1379 1315 Ccrsoble-

236 1367 243 1378 ·
280 1357 373 1428 ptem,
386 1368 451 1408 cum
466 1349 538 1410 meis
551 1335 658 1428 legetis
673 1349 795 1408 seorsim
803 1349 872 1409 dare
878 1349 1084 1428 jusjurandum
1097 1359 1227 1428 cuperet,
1239 1367 1258 1407 n
1269 1347 1378 1406 vestris

281 1437 402 1500 ducibus
417 1439 505 1500 fuisse
525 1441 709 1520 prohibitum,
722 1441 774 1519 qui
795 1459 863 1500 eum
875 1440 1097 1501 Atheniensium
1114 1439 1232 1501 hostem
1244 1439 1379 1508 declsru-

280 1541 355 1592 rent.
397 1532 504 1592 Verum
518 1534 593 1594 istuc
608 1533 756 1612 quomodo
770 1553 886 1612 equum
897 1542 949 1594 sut
956 1533 1070 1614 justum
1084 1544 1140 1605 est,
1159 1552 1227 1594 cum
1245 1552 1262 1597 e
1278 1551 1309 1592 re
1324 1552 1377 1592 ve—

281 1635 342 1685 stre
357 1634 414 1696 est,
430 1645 497 1696 cum
512 1635 615 1686 vestrae
635 1625 715 1685 urbis
729 1623 845 1686 hostem
867 1625 1038 1694 nominare3
1060 1643 1128 1684 cum
1144 1643 1213 1685 vero
1232 1643 1280 1684 me
1293 1623 1376 1684 calu·

280 1717 383 1778 mniari
395 1717 493 1790 uultis,
514 1717 639 1779 eundem
654 1719 748 1778 civem
762 1727 889 1778 vestrum
904 1715 1058 1777 dicu'tnrei
1086 1727 1118 1777 et
1137 1717 1247 1777 Sitaloe
1261 1706 1376 1788 occiso,

209 1806 210 1815 ’
280 1828 368 1887 quem
388 1807 504 1870 civitate
527 1809 720 1880 donaveretis,
736 1809 834 1870 stetim
856 1813 919 1884 ejus
938 1809 1152 1870 interfectorem
1172 1810 1204 1870 in
1217 1809 1376 1870 amicitiem

279 1900 427 1980 recipere;
448 1909 568 1981 propter
581 1899 802 1979 Ccrsobleptem
813 1910 911 1960 autem
921 1900 1032 1961 bellum
1040 1901 1193 1962 nobiscum
1203 1899 1376 1982 smciperet

279 1991 442 2071 presertim
456 2012 522 2052 cum
537 1993 619 2052 vobis
634 1993 819 2072 exploratum
833 1992 881 2066 sit,
892 1994 1037 2054 neminem
1047 2013 1147 2054 eorum
1161 1995 1211 2074 qui
1224 1993 1296 2054 tolie
1309 2013 1374 2053 mu-

278 2105 349 2146 nero
359 2085 514 2166 accipiunt,
524 2086 570 2146 vel
579 2086 660 2166 leges
668 2085 716 2145 rel
726 2085 848 2148 decreto
854 2095 949 2146 vestra
962 2086 1119 2166 quicquam
1128 2107 1231 2148 curere
1241 2109 1250 2147 ι
1262 2107 1373 2156 verum,

278 2180 305 2238 si
317 2179 433 2240 omissis
447 2177 559 2238 coeteris
583 2178 727 2250 omnibus,
750 2179 875 2238 breviter
897 2178 1055 2239 dicendum
1073 2191 1130 2254 est,
1151 2199 1203 2240 vos
1226 2180 1373 2240 civitatem

218 2321 221 2330 .
278 2273 400 2334 dedistis
417 2273 559 2352 Evagoroe
573 2271 692 2352 Cyprio,
705 2283 735 2332 et
750 2272 893 2352 Dionysio
906 2271 1074 2352 Syracusio,
1083 2292 1119 2334 ec
1128 2273 1252 2353 posteris
1261 2293 1372 2334 eorum.

278 2367 311 2426 si
323 2365 411 2446 igitur
421 2365 467 2426 his
480 2367 531 2445 qui
544 2363 683 2443 utrosque
694 2369 842 2440 ejecerunt
848 2365 1058 2443 persuaseritis,
1066 2375 1101 2425 ut
1107 2365 1182 2426 sctis
1192 2366 1223 2425 in
1236 2366 1371 2425 exsilium

276 2458 398 2539 imperia
410 2458 574 2529 restituant,
596 2475 614 2517 u
637 2475 683 2515 me
703 2473 819 2535 quoque
840 2455 919 2517 ilium
933 2456 1064 2537 Threcioe
1086 2468 1199 2537 purtem
1216 2477 1371 2539 recupere-

277 2552 345 2614 bitis
359 2571 484 2621 omnem,
499 2570 586 2628 quern
602 2548 695 2609 Teres
714 2558 746 2606 et
770 2548 977 2629 Ccrsobleptes
998 2560 1164 2611 tenuerunt.
1205 2553 1247 2612 At
1266 2553 1372 2612 sicum

278 2640 439 2705 victoribus
459 2661 560 2701 eorum
584 2660 621 2698 ne
648 2636 897 2718 expostulandum
918 2640 1035 2719 quidem
1055 2642 1137 2701 vobis
1154 2663 1220 2705 esse
1234 2646 1372 2716 censetis,

278 2736 348 2797 mihi
362 2754 430 2795 vero
448 2718 622 2803 obturb'etis‚
644 2751 743 2791 onnon
753 2731 820 2811 jure
833 2730 943 2811 optimo
963 2752 1012 2791 vos
1025 2732 1153 2793 ulciscar
1165 2733 1178 2791 i
1217 2735 1262 2793 Ac
1276 2736 1314 2795 de
1326 2736 1370 2797 hir

278 2846 447 2908 quenquam
468 2823 553 2906 pluro
573 2822 711 2885 haberem
729 2842 797 2903 ques
811 2842 877 2885 vere
890 2822 1030 2899 dicerem,
1043 2826 1259 2906 pretermittere
1272 2840 1370 2891 temen

278 2940 315 2981 ee
328 2920 427 2981 stetui.
974 2920 980 2929 '

320 3016 351 3074 5.
373 3012 527 3073 Cardienis
541 3023 639 3073 eutem
654 3032 700 3073 me
722 3009 858 3091 opitulari
878 3013 1025 3093 profiteor,
1051 3034 1119 3075 cum
1141 3014 1254 3075 illorum
1273 3016 1369 3077 socius

278 3117 346 3167 sute
360 3103 467 3165 iactam
482 3124 583 3185 pacem
594 3104 709 3177 fuerim,
730 3118 762 3165 et
775 3126 828 3165 ros
841 3125 920 3186 ssrpe
938 3127 957 3168 e
979 3126 1036 3175 me,
1059 3127 1154 3187 neque
1177 3127 1241 3169 rsro
1256 3112 1294 3169 sb
1311 3109 1369 3169 iliis

277 3201 361 3273 orati,
373 3198 471 3259 venire
485 3198 515 3257 in
535 3197 679 3279 judicium
703 3198 869 3259 nolueritis:
890 3218 989 3259 aunon
1010 3200 1099 3279 igitur
1122 3220 1218 3261 essem
1239 3202 1368 3263 omnium

270 3292 425 3364 ,hominum
444 3291 649 3370 nequissimus,
674 3290 709 3365 si,
730 3290 855 3351 desertis
882 3292 980 3365 sociis,
998 3292 1086 3353 vestri
1108 3293 1206 3372 potius
1227 3296 1368 3356 rationem

274 3382 422 3453 haberem,
436 3384 486 3464 qui
500 3384 579 3444 omni
593 3382 682 3443 modo
701 3402 749 3444 me
769 3384 894 3454 vexetis,
919 3404 1009 3464 quom
1028 3404 1129 3445 eorum
1149 3386 1201 3465 qui
1213 3387 1283 3448 mihi
1296 3407 1367 3450 eon·

275 3486 386 3537 stanter
407 3487 437 3536 et
457 3495 571 3555 semper
591 3466 676 3535 nmini
694 3495 760 3536 esse
781 3476 991 3556 perseveranti
1022 3476 1101 3550 Jem,
1116 3478 1141 3537 si
1163 3476 1221 3540 hoc
1247 3498 1367 3561 quoque

273 3560 521 3645 pretereundum
538 3587 596 3629 uon
615 3577 673 3641 est,
688 3587 723 3629 eo
735 3568 898 3629 insolentie
912 3569 1043 3641 venistis,
1064 3579 1099 3629 ut
1118 3570 1199 3649 prius
1221 3572 1260 3631 de
1280 3592 1372 3653 supra

277 3658 363 3719 dictis
386 3669 497 3719 tentum
514 3678 561 3717 me
584 3659 781 3729 accusaretis3
803 3658 966 3739 nuperrime
988 3679 1067 3735 vero,
1080 3680 1149 3720 cum
1170 3661 1368 3742 Peperrhethii

276 3770 376 3813 secum
387 3750 542 3811 crudeliter
555 3758 654 3810 actum
668 3770 732 3811 esse
746 3763 945 3830 quererentur,
958 3751 1124 3833 imperatori
1135 3756 1234 3815 vestro
1246 3759 1368 3819 mende-

275 3844 339 3915 stis,
362 3852 396 3903 ut
413 3862 459 3901 me
477 3840 592 3901 illorum
609 3842 703 3901 vicem
721 3842 929 3903 ulcisceretur:
950 3862 1023 3922 quos
1036 3864 1093 3924 ego
1106 3864 1178 3907 sene
1196 3848 1369 3912 clementius

273 3934 408 4007 tractavi,
421 3952 510 4013 quam
532 3943 780 4002 commeruerant;
802 3952 870 3993 cum
892 3933 945 4006 illi,
965 3933 1095 4016 tempore
1111 3938 1194 4019 pacis
1216 3941 1367 4005 Heloneso

275 4037 430 4108 occupate,
443 4042 539 4105 neque
552 4022 678 4084 insulem
688 4024 770 4096 mihi,
790 4045 883 4107 neque
895 4028 1092 4107 prmsidiorios
1104 4032 1219 4103 milites,
1228 4054 1304 4112 quos
1316 4056 1367 4115 per

273 4121 389 4201 legatos
404 4138 481 4199 soepe
496 4115 675 4197 repetierunt,
689 4115 896 4178 reddidissent.
937 4114 1000 4181 Vos
1015 4131 1112 4183 sutem
1124 4124 1236 4204 injurie
1250 4127 1318 4186 mihi
1329 4131 1365 4189 ab

274 4210 331 4271 illis
350 4211 439 4270 illetae
459 4208 570 4268 nullam
583 4200 725 4267 rationem
746 4206 899 4283 habuistis,
915 4211 968 4273 sed
992 4222 1105 4273 tentum
1124 4218 1260 4297 supplicii
1267 4239 1278 4286 ;
1299 4240 1366 4283 cum

273 4303 345 4363 setis
359 4302 467 4373 scistis,
481 4320 528 4360 me
543 4300 668 4359 insulem
682 4316 738 4359 nec
752 4302 832 4362 vobis
847 4323 901 4363 nec
919 4303 976 4365 iilis
991 4306 1143 4385 eripuisse,
1165 4309 1219 4371 sed
1235 4309 1367 4374 Sostrate

272 4396 375 4477 pireto
416 4392 512 4461 Quem
526 4390 549 4451 si
564 4412 615 4452 vos
631 4392 762 4455 Sostruto
777 4394 930 4459 tradidisse
941 4396 994 4478 ipsi
1014 4398 1120 4476 dicitis,
1134 4400 1243 4482 piretus
1257 4403 1288 4463 in
1302 4424 1365 4466 enm
