2934 5000
264 343 325 414 454
513 330 685 400 CONTRA
708 333 1057 400 ARISTOGITONEM
1084 338 1107 396 1.

264 495 380 572 legibus
393 505 423 554 et
436 494 618 554 observantia
630 495 727 572 legum
743 495 836 554 ornari
850 495 954 562 omnia,
965 513 1031 553 cum
1047 512 1098 552 vos
1113 489 1177 571 ipsi,
1191 485 1284 549 modu
1298 507 1373 547 om·

265 586 352 646 nibus
377 586 601 645 Atheniensibus
622 585 821 658 sortientibus,
840 597 870 645 et
890 585 967 664 quod
988 586 1059 644 satis
1080 585 1151 656 scio,
1171 581 1372 662 cupientibus

266 679 399 738 omnibus
408 679 494 758 hujus
503 679 606 758 judicii
619 677 750 737 ordinem
761 677 892 756 adipisci,
908 675 962 734 soli
976 677 1058 736 nobis
1069 681 1118 750 jus
1129 672 1254 733 dicatis?
1280 673 1374 750 Cur?

266 771 346 838 Quia
359 783 423 830 sors
437 772 516 829 rubis
530 770 644 848 obtigit,
665 770 735 847 qrria
752 770 854 829 sortito
876 767 975 826 selecti
990 767 1069 836 estis,
1083 767 1152 844 quia
1165 765 1247 843 leges
1262 763 1304 821 ita
1316 765 1371 841 ju-

265 861 348 920 bent.
369 862 429 926 Qui
444 861 530 939 igitur
548 862 603 940 ipsi
616 881 652 920 ex
666 859 782 938 legibus
796 859 866 918 estis
880 857 909 917 in
929 859 1008 918 hunc
1022 857 1151 930 ordinem
1168 857 1264 926 asciti,
1282 856 1371 914 nacti

266 969 344 1018 eum,
353 951 403 1032 qui
414 965 515 1011 contra
528 951 644 1030 legesui
654 949 750 1009 dicere
761 959 811 1008 aut
821 969 906 1028 agere
919 947 1032 1034 aliquid
1042 949 1176 1020 instituit,
1189 945 1373 1006 dimittetis?

268 1043 373 1121 Neque
385 1052 513 1102 restrum
529 1043 682 1122 qnisquam
703 1043 774 1101 iram
795 1051 825 1100 et
845 1039 1073 1119 indignationem
1095 1040 1178 1099 suar'r'r
1201 1039 1372 1098 declarabit

266 1145 371 1194 contra
388 1134 489 1194 nolani
503 1147 535 1193 et
554 1133 732 1212 impudentis
753 1132 877 1192 hominis
897 1131 1052 1192 violentam
1076 1130 1175 1209 legum
1195 1131 1372 1208 abrogatio-

267 1224 358 1284 nera'l
375 1226 472 1295 Tune,
501 1225 694 1305 impurissime
715 1225 844 1284 omnium
869 1213 1114 1304 mortalium,'qbi
1135 1242 1264 1302 usquam
1285 1233 1371 1292 sunt,

266 1335 335 1376 cnm
348 1315 489 1376 effraenati
502 1317 543 1375 tui
556 1317 614 1376 oris
628 1317 753 1376 andacia
766 1335 824 1375 non
837 1313 987 1380 cancellis.
1000 1333 1059 1374 non
1071 1315 1191 1383 foribus,
1202 1333 1272 1392 qum
1287 1312 1369 1371 clam

269 1407 372 1485 aperiri
383 1405 510 1466 fortasse
522 1421 642 1486 queant,
655 1409 709 1467 sed
723 1403 769 1467 tut
781 1419 812 1466 et
824 1407 911 1466 tantis
924 1405 1052 1478 mulctis,
1067 1402 1162 1482 iisque
1175 1403 1204 1462 in
1219 1405 1291 1462 iano
1307 1403 1371 1461 Mi-

269 1517 366 1556 nerroe
379 1498 548 1576 assignatis,
562 1509 741 1581 coerceatur,
754 1499 829 1558 ultra
842 1499 906 1556 hoec
919 1507 1054 1576 penetras
1067 1497 1107 1566 vi,
1121 1504 1150 1555 et
1163 1495 1193 1553 irt
1215 1515 1253 1554 ea
1277 1505 1308 1553 te
1323 1495 1373 1553 irr-

270 1589 359 1666 geris,
370 1607 391 1647 s
401 1590 507 1667 quibus
517 1599 547 1650 te
559 1589 642 1668 leges
651 1591 762 1660 arcent,
776 1588 914 1648 exclusus
928 1587 1061 1647 omnibus
1073 1587 1196 1647 civitatis
1212 1587 1371 1658 institutis,

268 1681 436 1759 cognitione
448 1683 534 1762 trium
552 1683 739 1761 jrldiciorunr,
757 1681 942 1742 accusatione
964 1679 1152 1750 sexviromm‚
1173 1679 1370 1739 accusatione

214 1776 221 1787 ‘
269 1783 449 1841 exactorum,
464 1773 578 1833 actione
592 1773 709 1852 injustae
723 1771 927 1851 inscriptionis,
945 1787 1031 1850 quarn
1045 1771 1107 1848 ipse
1121 1771 1320 1850 persequeris,
1340 1783 1371 1830 et

270 1873 384 1922 tanturn
399 1882 456 1921 nou
467 1863 562 1921 ferrea
575 1875 679 1922 catana
691 1863 799 1941 ligatus
810 1881 863 1940 per
873 1859 936 1921 hoec
949 1862 1046 1921 omnia
1057 1873 1204 1940 penetras,
1214 1861 1284 1920 haee
1296 1881 1371 1920 con·

271 1954 365 2021 sellis,
380 1964 410 2012 et
428 1955 629 2031 contingendis
642 1955 751 2026 causis,
765 1963 795 2012 et
808 1953 889 2013 falsis
909 1952 1073 2014 criminibus
1093 1953 1316 2031 componendis,
1337 1965 1370 2012 te

270 2043 479 2121 rempublicam
493 2063 660 2105 eversurum
673 2043 785 2124 puteal
1014 2047 1024 2060 '

312 2137 342 2194 8.
363 2135 452 2213 Atqui
467 2155 605 2214 magnum
620 2147 650 2197 et
662 2137 846 2217 perspicuum
861 2138 942 2198 robis
956 2137 1050 2197 dicam
1070 2137 1246 2217 exemplum,
1259 2137 1317 2196 cur
1330 2139 1371 2197 ad

272 2225 329 2285 ista
336 2225 418 2286 nullo
427 2228 516 2288 modo
524 2229 563 2287 sit
570 2229 795 2288 connivendum.
811 2230 842 2289 si
852 2229 917 2307 quis
928 2229 1024 2289 subito
1032 2228 1090 2288 hnc
1100 2229 1263 2308 irrumpens
1276 2229 1371 2300 dicat,¹

272 2327 373 2376 enatu
386 2317 524 2392 minimis,
547 2331 599 2380 snt
611 2321 769 2391 ditissimis,
791 2331 844 2380 aut
860 2320 1027 2380 muneribus
1045 2319 1219 2400 perfunctis,
1242 2331 1297 2379 aut
1317 2321 1371 2378 tali

273 2408 373 2487 aliqua
385 2422 468 2489 parte
482 2423 647 2490 segregata,
666 2415 875 2473 oratores'esse
889 2411 1052 2490 eligendos,
1066 2430 1132 2471 eum
1155 2409 1245 2470 dubio
1264 2411 1370 2490 procul

273 2501 452 2563 interfecturi
475 2504 550 2575 sitis,
563 2516 596 2564 ut
609 2495 816 2584 rempublicam
830 2514 1017 2576 evertentem,
1040 2504 1127 2585 idque
1136 2504 1202 2583 jure
1222 2504 1371 2565 faceretis.

274 2594 320 2653 At
331 2594 448 2672 quidvis
460 2594 564 2654 boram
587 2596 749 2667 leriusest,
767 2594 894 2675 quamsi
914 2596 981 2675 quis
1001 2614 1113 2666 aarum,
1135 2614 1172 2657 ex
1192 2594 1301 2672 quibus
1315 2596 1370 2657 iste

273 2694 330 2755 est,
343 2688 481 2764 partium,
493 2686 624 2758 dicat,si
645 2708 677 2747 se
691 2688 888 2765 ingerentibus
908 2687 1025 2748 dicendi
1045 2686 1209 2747 faciendam
1231 2706 1298 2747 esse
1317 2709 1372 2767 po·

273 2785 421 2847 testatem,
434 2786 486 2837 not
499 2790 517 2836 e
529 2797 644 2838 carcere
657 2780 775 2856 elapsis,
792 2780 889 2841 antiis
904 2800 1027 2859 quorum
1040 2790 1138 2860 patres
1152 2778 1261 2839 occidit
1272 2800 1370 2859 popu-

273 2866 334 2936 lus,
347 2879 398 2926 aut
409 2870 459 2945 qui
472 2869 566 2927 sortiti
579 2870 778 2945 magistratum
796 2872 950 2951 improbati
968 2882 1048 2944 sunt,
1068 2882 1127 2949 aut,
1137 2871 1187 2951 qui
1199 2871 1369 2951 reipublicae

274 2956 394 3029 debent,
417 2970 469 3017 aot
481 2959 510 3016 in
523 2960 691 3025 uniuersum
705 2960 919 3039 ignominiosis,
931 2973 983 3023 aut
995 2964 1030 3022 iis
1041 2962 1094 3041 qui
1113 2963 1317 3045 improbissimi
1338 2972 1371 3023 et

275 3058 356 3119 sunt,
369 3048 565 3109 ethabentur.
598 3052 672 3111 llaec
697 3054 775 3112 enirn
800 3054 829 3112 in
840 3055 901 3114 lato
914 3054 1094 3134 reperiuntur
1105 3057 1213 3129 omnia,
1224 3061 1257 3115 et
1270 3056 1305 3115 iis
1325 3058 1369 3115 in-

275 3150 346 3199 sunt
362 3140 411 3219 qrri
426 3140 490 3219 ejus
510 3142 640 3201 referunt
657 3144 816 3221 ingenium.
852 3146 927 3205 hiem
942 3164 1000 3225 ego
1013 3144 1142 3225 quidem,
1163 3148 1371 3225 Athenienses,

276 3231 420 3301 existimo,
430 3252 496 3291 eunr
509 3233 619 3294 obhoec
632 3236 719 3295 etiarn
734 3257 801 3315 quse
816 3257 893 3297 nunc
902 3240 982 3310 lacit,
993 3239 1059 3317 jure
1070 3240 1258 3301 occisumiri:
1277 3244 1370 3301 multo

276 3334 375 3383 autern
395 3325 502 3403 magis,
515 3336 569 3385 ant
581 3326 671 3386 nihilo
684 3338 762 3388 certe
775 3330 879 3400 minus,
895 3332 933 3389 ob
955 3348 990 3389 ea
1003 3348 1070 3408 que
1090 3350 1123 3390 se
1143 3331 1287 3391 iacturum
1303 3352 1370 3391 esse

275 3416 414 3487 ostendit,
426 3417 450 3476 si
465 3416 610 3476 licentiam
621 3436 640 3476 a
653 3419 735 3478 robis
749 3422 903 3499 acceperit,
916 3431 946 3481 et
959 3422 1151 3495 occasionem,
1162 3423 1240 3501 quod
1251 3422 1291 3481 dii
1302 3442 1369 3502 pro-

148 3547 156 3564 .
276 3502 408 3564 hibeant.
429 3506 613 3583 Atque'adeo
621 3510 784 3568 mirandum
795 3511 890 3583 fuerit,
900 3530 1076 3590 quemquam
1088 3514 1219 3591 ignorare
1230 3524 1374 3585 vestrum,

274 3594 364 3655 istum
380 3596 418 3653 ad
433 3597 544 3656 nullum
557 3599 724 3668 honestum,
739 3610 790 3659 ant
803 3602 884 3670 utile,
908 3612 961 3662 aut
974 3603 1125 3681 republica
1144 3606 1265 3683 dignum
1285 3601 1370 3664 adhi-

275 3686 336 3745 beri
351 3704 437 3765 posse
460 3690 659 3760 munna-dii
677 3694 754 3748 enirn
773 3710 885 3763 omnes,
900 3702 930 3751 et
950 3692 1063 3771 Jupiter
1085 3696 1156 3775 Opt.
1175 3697 1256 3757 Mas.
1272 3698 1370 3777 prohi-

274 3778 375 3846 beant,
395 3796 433 3836 ne
452 3780 616 3857 respublica
632 3800 668 3839 ea
681 3782 807 3841 virorum
828 3782 939 3842 laboret
950 3784 1060 3863 inopia,
1071 3798 1105 3844 ut
1120 3788 1156 3845 ab
1173 3786 1370 3865 Aristogitone

276 3868 396 3928 honesti
406 3868 513 3947 aliquid
526 3869 565 3928 sit
578 3871 890 3949 administrandum-‚
901 3876 1006 3953 quibus
1018 3886 1115 3935 auteur
1124 3876 1154 3934 in
1165 3876 1251 3936 rebus
1263 3878 1370 3957 aliquis

276 3958 383 4017 bellue
396 3958 480 4018 istius
494 3980 565 4021 usus
585 3980 652 4020 esse
663 3962 768 4047 possit,
787 3980 830 4021 ess
843 3982 880 4022 ne
892 3965 1079 4036 usuveniant,
1099 3978 1144 4027 est
1160 3969 1369 4049 exoptandum.

277 4049 353 4113 Qua
366 4051 391 4108 si
404 4052 478 4109 forte
491 4052 636 4122 eveniant,
652 4052 744 4132 major
759 4063 805 4112 est
818 4055 984 4133 reipublice
997 4056 1131 4128 felicitas,
1145 4078 1195 4117 eos
1208 4062 1257 4137 qui
1272 4061 1369 4120 scelus

274 4140 393 4217 aliquod
405 4144 546 4220 cogitant,
557 4143 719 4203 facinorum
732 4162 831 4204 carere
845 4146 987 4233 ministro,
997 4168 1085 4227 quarn
1096 4150 1182 4209 istum
1194 4152 1368 4225 absolutum,

276 4244 410 4310 paratum
424 4236 563 4295 invenire.
598 4236 686 4304 Quod
699 4236 776 4295 enirn
789 4236 905 4297 facinus
918 4248 978 4297 taur
993 4252 1087 4311 atrox,
1102 4252 1162 4301 tanr
1176 4243 1367 4321 perniciosum

277 4332 334 4391 est,
353 4324 563 4396 Athenienses,
576 4328 656 4405 qnod
668 4328 765 4405 fugiat
776 4327 864 4389 horno
878 4332 1104 4403 consceleratus,
1121 4346 1150 4393 et
1163 4336 1257 4413 patrio
1273 4336 1302 4394 in
1317 4343 1370 4414 po-'

277 4411 379 4491 polum
392 4416 461 4476 odio
473 4419 618 4479 refertus?
638 4419 711 4487 Quis
724 4420 799 4525 alitro
811 4423 1019 4503 rempublicam
1033 4427 1127 4505 (quod
1144 4428 1231 4503 absit)
1251 4430 1369 4509 expedi.-
