2934 5000
516 605 849 696 AUGERI
957 645 962 660 ·

555 819 801 898 ANALYSIS

394 1013 696 1082 enumerem
726 983 950 1100 nonnum.

581 1195 763 1268 monim.

162 1328 252 1394 Quusr
268 1328 299 1382 iu
310 1326 426 1382 'l'hraeia
435 1327 578 1397 Phiiippus
590 1319 700 1384 vincere
711 1337 845 1401 pergeret,
855 1351 943 1404 quum
948 1334 1009 1405 jam
1017 1342 1224 1408 oppugnatum

124 1417 199 1465 osset
207 1411 365 1464 Perinthum
377 1415 405 1462 et
417 1410 592 1478 Byzantium,
601 1411 798 1484 Euboeamque
809 1431 860 1472 suo
871 1417 1023 1472 addiximet
1032 1420 1155 1489 imperio,
1165 1412 1223 1476 De-

124 1493 283 1546 mosthenes
295 1492 479 1556 concionatur,
490 1507 524 1544 oo
540 1492 707 1548 adducturus
718 1495 904 1553 Atisenienses
916 1503 947 1553 ut
963 1500 1096 1556 torridam
1107 1507 1136 1558 et
1147 1503 1223 1557 inde-
1256 1503 1262 1510 ’

123 1574 225 1628 fassam
237 1575 312 1628 iliius
322 1573 499 1642 cupiditatem
513 1574 673 1654 retundant.

611 1717 769 1778 Exordiaen.

107 1874 114 1880 -
159 1843 289 1906 Queritur
303 1845 396 1894 orator
407 1841 442 1896 de
454 1839 560 1894 incuria
571 1840 782 1896 Atheniensium
797 1841 828 1895 iu
839 1841 957 1911 pubiiois
966 1843 1059 1910 rebus,
1068 1845 1143 1915 quod
1155 1847 1222 1901 satis

122 1924 242 1978 babeant
252 1925 281 1976 in
299 1922 476 1976 concionibus
488 1923 583 1978 audire
600 1925 623 1977 ai
640 1923 708 1994 quid
725 1923 791 1977 novi
802 1923 911 1991 dieitur,
926 1928 956 1978 et
973 1941 1055 1996 sequa
1066 1929 1222 1998 disceptare

121 2007 250 2060 sedentes
270 2008 299 2056 ct
315 2004 406 2066 otiosi,
423 2004 489 2056 dnm
500 2003 530 2056 in
541 2004 623 2058 armis
634 2005 778 2074 Philippus
795 2022 830 2059 ea
846 2021 910 2075 quas
929 2007 982 2062 sibi
993 2009 1149 2078 expediunt
1164 2012 1222 2080 agit

122 2087 259 2142 alacriter.
271 2083 412 2137 Ostendit
429 2099 512 2152 quam
530 2085 567 2137 ob
578 2101 690 2139 eausam
701 2091 730 2139 et
742 2088 844 2156 quibus
861 2087 949 2140 modis
960 2088 980 2141 ii
999 2090 1174 2146 dominentur
1189 2094 1220 2150 iu

122 2167 283 2222 civitatibus
293 2165 340 2234 qui
350 2163 478 2232 Phiiippo
490 2163 591 2230 heaut,
602 2171 632 2220 et
644 2167 773 2220 undosas
788 2166 909 2220 civitatis
925 2172 1026 2224 snasin
1046 2171 1125 2239 pejus
1136 2179 1220 2238 eant;
1307 2209 1313 2220 ,

121 2267 156 2306 ao
176 2253 319 2318 postquam
332 2244 483 2314 explicavit
496 2255 552 2314 quo
564 2249 645 2314 paeto
664 2245 842 2301 Maeedoniae
859 2263 910 2300 rex
921 2250 1055 2316 paulatim
1071 2257 1101 2303 et
1120 2255 1219 2308 munim

121 2330 264 2388 maximus
274 2327 400 2394 eraserit,
412 2331 566 2396 praemonet
577 2342 607 2380 se
620 2327 757 2390 dietumm
766 2327 826 2395 jam
834 2329 901 2398 quid
912 2328 949 2383 sit
960 2331 1105 2450 agendum.

575 2471 756 2546 Confirmatio.

156 2604 194 2654 1⁰.
213 2596 390 2653 Demonstrat
402 2594 484 2662 panio
496 2592 584 2647 fusius
597 2594 753 2663 Philippum
767 2608 862 2660 paoem
873 2592 999 2661 violasse,
1009 2594 1219 2651 Atheniemium

119 2680 227 2736 civitati
238 2679 340 2731 beilum
352 2676 458 2739 inferre,
470 2675 575 2745 ipsique
586 2675 692 2729 bostem
704 2678 733 2727 et
744 2676 909 2729 malevolum
921 2690 980 2729 esse
992 2681 1022 2730 et
1038 2692 1098 2731 esse
1107 2679 1218 2735 debere.

154 2766 194 2816 2⁰.
217 2760 281 2813 Hae
293 2776 323 2812 ra
333 2759 527 2821 demonstrata,
540 2756 607 2810 dicit
616 2752 831 2809 Atheniensibus
842 2771 898 2809 non
909 2772 969 2810 esse
979 2758 1169 2826 postuiandum
1182 2764 1218 2816 ab
1279 2780 1283 2790 ·

119 2851 225 2901 oratore
241 2854 273 2897 ut
289 2844 399 2896 demeto
411 2842 513 2894 baiinn
525 2841 651 2907 madeat,
663 2840 713 2893 sed
731 2839 798 2907 ipsis
816 2840 917 2893 betium
937 2839 1139 2909 suscipiendum
1158 2861 1218 2899 esse

118 2928 259 2997 gnaviter:
276 2924 370 2991 itaque
381 2922 574 2975 conserendam
586 2921 741 2989 pecuniam,
751 2921 949 2989 comparandos
955 2922 1102 2989 exortatus,
1113 2928 1158 2977 et
1150 2943 1218 2994 rpsrs

117 3006 211 3065 omnia
221 3005 419 3075 suppeditanda
425 3020 489 3073 qum
500 3004 655 3057 necessaria
664 3007 737 3057 sunt.
757 3003 832 3056 Hine
840 3004 931 3057 vivide
940 3006 1055 3073 exponit
1066 3008 1216 3063 socordiam

117 3106 223 3161 quares
232 3102 306 3140 nune
318 3100 368 3137 sun
377 3083 474 3137 civitas
486 3084 664 3152 administrat,
676 3088 704 3136 et
716 3100 779 3154 qum
789 3086 934 3138 commoda
944 3102 981 3138 cx
999 3087 1053 3139 alis
1064 3090 1163 3154 agendi
1175 3107 1217 3143 rs·

117 3176 194 3229 tione
205 3170 413 3235 consequentur.

153 3258 184 3307 3⁰
188 3290 194 3305 .
212 3250 306 3317 Pergit
315 3244 483 3298 ostendendo
493 3245 600 3302 betium
609 3238 717 3316 prorsus
729 3248 935 3315 suscipiendum
946 3264 1016 3312 esse,
1027 3264 1082 3300 non
1092 3252 1217 3305 conside-

115 3336 184 3392 ratis
196 3333 316 3398 sumptu,
328 3325 460 3380 molestiis
472 3330 500 3378 et
512 3326 619 3389 iaboro;
635 3331 717 3395 atque
729 3329 814 3380 instat
824 3328 1012 3381 vehementius
1024 3336 1056 3381 ut
1067 3346 1130 3384 suos
1142 3334 1215 3387 cives

116 3436 133 3471 e
146 3414 219 3483 turpi
231 3416 343 3463 veterno
354 3406 467 3473 excitet,
479 3422 564 3476 quum
578 3424 624 3460 eos
636 3414 742 3476 premat
759 3409 908 3462 oeeemitas
919 3426 982 3480 quse
993 3410 1063 3463 vir'os
1078 3412 1153 3479 cogit
1167 3414 1215 3469 bo·
1265 3421 1269 3433 '

115 3504 207 3555 uestes
216 3500 245 3549 et
253 3494 396 3562 ingenuos.
415 3489 485 3557 ipsis
496 3488 645 3558 exprobrat
655 3492 729 3559 quod
739 3507 775 3545 ne
785 3492 870 3546 veiint
879 3493 992 3561 quidem
1001 3510 1035 3547 ea
1043 3495 1138 3551 audire
1150 3516 1213 3567 quea

80 3632 82 3637 .
116 3582 145 3635 in
157 3574 379 3635 deliberationem
391 3571 504 3637 eadunt,
522 3575 622 3641 etpost
635 3572 849 3626 decimiandem
867 3574 978 3641 negotia
994 3581 1152 3645 praeposteri
1167 3581 1215 3636 de-

113 3662 268 3723 liberent.

149 3750 187 3800 4⁰.
206 3741 307 3797 Monet
316 3736 456 3792 audientes
468 3736 592 3806 pecuniis
603 3736 755 3807 praesertim
767 3737 923 3807 reipublicae
937 3754 1007 3807 opus
1018 3756 1086 3807 esse,
1099 3758 1132 3796 ae
1144 3746 1212 3796 tem·

112 3844 166 3899 pus
177 3840 237 3878 esse
253 3819 502 3875 commodissimum
515 3822 546 3871 ut
559 3834 623 3871 eum
642 3818 787 3871 Persarum
806 3836 868 3887 rego
881 3819 1080 3889 colloquantur,
1093 3838 1212 3892 eumque

114 3907 255 3965 adducant
266 3906 297 3955 nt
309 3917 338 3953 se
350 3900 468 3969 pecunia
485 3903 512 3953 et
525 3898 605 3951 armis
618 3898 739 3967 adjuvet.
773 3900 922 3953 Contendit
934 3916 989 3954 nen
1006 3903 1149 3955 Persarum
1163 3906 1212 3959 sed

114 3984 287 4045 Macedoniae
301 3996 391 4049 regem
403 3997 463 4035 rere
472 3995 546 4035 nune
556 3994 615 4033 esse
628 3980 814 4035 metuendum.

146 4073 176 4123 5
180 4104 186 4119 .
206 4064 341 4133 inqtsitur
351 4062 384 4114 de
396 4061 514 4131 pecnnia
524 4060 659 4126 theatrali,
672 4076 734 4129 quae
747 4062 838 4116 obstat
849 4078 884 4117 ne
896 4060 1007 4133 publiea
1023 4076 1068 4115 res
1078 4068 1152 4118 reete
1165 4066 1214 4121 ad-

68 4184 72 4194 ·
97 4178 100 4183 ·
112 4152 288 4207 ministretur.
308 4146 352 4197 De
363 4144 413 4197 bae
423 4144 543 4214 pecunie
551 4144 652 4197 oratori
663 4143 838 4199 immutatam
847 4160 907 4197 esse
916 4145 1085 4200 voluntatem
1095 4152 1212 4217 constat.

112 4242 141 4289 et
151 4245 238 4303 quum
250 4228 323 4281 cives
333 4242 397 4279 suos
406 4226 509 4281 videret
520 4225 689 4292 inflexibiles,
701 4224 793 4294 ipsum
805 4226 840 4278 do
853 4226 904 4290 ria,
916 4225 1034 4295 publicar
1047 4241 1130 4281 eausa
1141 4233 1200 4288 utiii

110 4316 185 4379 miii,
195 4310 309 4383 paulum
321 4308 475 4363 deflexisse.
507 4308 563 4361 Hic
581 4306 674 4377 itaque
691 4308 791 4361 saudet
802 4306 986 4375 divitibnane
998 4309 1111 4366 moleste
1123 4314 1212 4372 ierant
1247 4345 1251 4357 ·

110 4399 183 4454 bane
194 4390 338 4465 pecuniam
348 4386 472 4461 aeeip'ere
481 4404 633 4461 pauperem
652 4404 800 4461 mnusque
811 4388 987 4459 paoperibus,
999 4394 1031 4446 ut
1040 4393 1157 4463 pubiieis
1162 4412 1210 4467 pe-

407 4485 410 4493 .
674 4486 693 4527 ⁰
844 4482 849 4489 .
