2934 5000
559 597 868 684 AUGERI

594 811 839 889 ANALYSIS

402 1006 723 1078 ORATIONIS
760 1011 832 1075 DE
866 1007 1022 1075 PAGE.

618 1191 799 1264 Propositum.

200 1307 291 1372 Quurs
299 1323 372 1362 vanu
383 1308 610 1378 pollicitationum
622 1310 712 1379 specie
724 1311 866 1380 Phiiippus
875 1309 1029 1363 induxisset
1039 1307 1220 1364 Athenienses
1229 1313 1261 1364 ut

162 1405 259 1443 secum
277 1405 373 1458 pscem
391 1391 519 1458 fecerent,
532 1394 624 1446 statim
639 1392 840 1460 Thermopylas
859 1391 1013 1459 occuparit,
1031 1405 1064 1442 no
1075 1390 1261 1444 Phocensihus

164 1469 264 1539 injecit
272 1474 399 1524 terrorem
411 1473 459 1542 qui
469 1473 520 1526 sibi
533 1472 692 1541 semetipsos
705 1473 877 1527 dediderunt.
894 1473 976 1525 'limo
988 1477 1136 1524 conroesto
1148 1472 1262 1541 Amphi-

165 1555 299 1619 ctyonum
316 1553 440 1620 coneilio,
453 1570 486 1608 eo
498 1571 556 1608 rem
575 1554 694 1608 adduxit
706 1559 739 1608 ut
756 1557 920 1608 statueretur
929 1552 1110 1607 Phocensium
1122 1553 1204 1606 urhes
1215 1570 1263 1622 pe-

164 1634 241 1686 nitus
258 1649 318 1687 esse
336 1635 490 1702 diruendas,
503 1652 535 1688 so
555 1637 612 1689 iore
627 1640 658 1688 ut
670 1637 727 1706 ipse
739 1637 768 1688 in
779 1651 874 1688 eorum
894 1637 954 1688 loeo
966 1637 1061 1703 postea
1071 1634 1178 1687 sederet
1191 1635 1265 1689 inter

163 1713 389 1784 Amphictyones.
413 1717 493 1770 Misit
506 1716 693 1771 Macedonum
712 1734 763 1770 rex
776 1719 812 1770 sd
828 1719 989 1771 Greeccrum
1005 1716 1185 1785 quorumdem
1198 1713 1264 1769 cisi·

164 1798 304 1867 tutes-qui
324 1798 440 1852 concilio
458 1815 513 1853 non
533 1799 677 1864 affuerant,
693 1799 901 1869 praesertimqne
922 1798 1141 1864 Atheniensium,
1160 1802 1194 1850 ut
1210 1798 1281 1865 ipsi

164 1883 254 1932 retum
264 1879 394 1935 heberent
406 1882 481 1950 quod
493 1884 627 1934 statutum
636 1879 734 1936 inerit.
745 1880 957 1944 Demosthenes,
966 1880 1091 1949 quemvis
1100 1893 1196 1948 pseem
1208 1893 1263 1931 uon

164 1960 299 2028 probaret,
312 1962 362 2014 hec
378 1963 500 2015 oratione
513 1963 612 2016 suadet
622 1964 678 2016 suis
690 1967 722 2016 ut
733 1964 821 2032 petits
834 1963 998 2026 concedant,
1014 1977 1049 2014 ne
1060 1959 1165 2014 infestis
1178 1959 1263 2013 totius

165 2043 284 2096 Grseeise
296 2043 376 2096 armis
393 2049 594 2111 oppugnentur.
625 2044 720 2107 Quum
739 2050 832 2098 sutem
844 2043 944 2096 slicuhi
962 2046 1054 2097 orstor
1071 2041 1196 2096 AEschini
1213 2057 1263 2096 ex-

165 2124 342 2193 probraverit,
359 2123 432 2210 quod
443 2139 516 2176 unus
527 2125 625 2177 tenerit
636 2125 765 2194 Philippo
777 2126 890 2192 petenti,
899 2127 978 2192 putet
990 2123 1124 2177 Lihsnius
1135 2125 1263 2193 scriptam

166 2203 252 2258 l'uisse
264 2206 422 2269 oraticnem,
439 2208 468 2256 st
483 2205 665 2268 condictam,
680 2221 716 2257 ne
735 2221 752 2256 s
763 2205 852 2272 seipso
871 2205 1012 2258 dissentire
1022 2205 1150 2257 rideatur
1160 2205 1264 2258 Demo·

166 2285 286 2339 sthenes.
304 2285 442 2355 Equidem
453 2285 571 2339 Libenio
582 2301 637 2338 non
647 2285 794 2338 assentior:
807 2301 869 2338 narn
879 2289 1063 2355 praeterquam
1072 2285 1146 2354 quod
1153 2301 1208 2340 non
1218 2303 1265 2356 sp-

164 2370 246 2438 psret
257 2383 306 2421 our
320 2368 367 2420 ille
386 2383 442 2421 non
461 2367 605 2420 dicendam
623 2368 775 2437 scripsisset
795 2366 953 2432 cretionem,
973 2382 1028 2420 nou
1045 2366 1119 2419 idem
1138 2372 1189 2432 est,
1208 2370 1263 2422 imo

165 2451 248 2504 velde
260 2449 410 2515 diversum,
422 2449 506 2503 elicui
517 2449 623 2518 petenti
635 2450 735 2516 serere,
752 2467 785 2504 sc
796 2451 912 2504 suadere
929 2455 961 2503 ut
978 2464 1034 2502 non
1051 2446 1207 2515 rejicientur
1217 2467 1265 2522 pe-

166 2532 226 2601 tits,
237 2547 320 2586 censs
331 2532 470 2601 temporis,
482 2548 517 2585 ue
528 2532 593 2584 inde
603 2532 692 2600 majus
704 2534 909 2587 incommodum
921 2537 1062 2599 exsurget.

638 2662 794 2724 Exordium

202 2768 330 2839 Exponit
340 2768 525 2823 difficultatem
542 2770 615 2823 nunc
629 2770 686 2823 suis
703 2769 846 2834 suadendi,
864 2771 925 2822 turn
941 2769 978 2822 oh
994 2782 1086 2822 rerum
1102 2772 1264 2837 presentem

167 2856 280 2918 sisium,
294 2856 354 2906 tum
366 2852 402 2905 cb
421 2851 544 2905 hobitum
564 2852 724 2905 animorum.
749 2850 827 2904 Dicit
844 2854 937 2905 temen
957 2866 990 2904 es
1009 2866 1155 2905 summum
1173 2868 1203 2905 se
1215 2867 1265 2919 per

167 2949 232 3003 quae
243 2934 424 2987 emendentur
435 2934 620 3001 praesentiret
632 2933 732 2987 emisse
743 2936 946 3003 recuperentur.

622 3064 802 3137 Gorfinnots‘o.

206 3178 242 3228 1⁰.
258 3174 326 3227 'ihm
337 3174 420 3225 refert
430 3168 588 3223 occmlones
598 3170 627 3223 in
639 3170 740 3239 quibus
750 3186 788 3222 ex
800 3186 890 3222 rerum
908 3171 1008 3222 eventu
1019 3169 1110 3235 potnit
1121 3184 1151 3221 se
1162 3168 1266 3238 optime

169 3252 278 3308 eiritsti
287 3254 413 3319 semisse,
427 3252 510 3305 silete
521 3251 594 3319 prius
607 3264 748 3304 csusccur
759 3266 793 3303 ee
804 3250 909 3316 praeferi
921 3248 1057 3303 statuerit.

204 3340 244 3390 2⁹.
263 3334 394 3390 Ostendit
405 3348 487 3401 quem
497 3332 534 3385 ob
551 3332 687 3385 rationem
699 3332 749 3384 sihi
759 3331 795 3384 sd
806 3330 939 3400 populum
950 3329 1150 3384 Atheniensem
1165 3330 1267 3386 dicenti

168 3416 479 3472 reotsetntilisstatim
489 3418 644 3466 occurrunt.
1095 3424 1099 3432 ’

204 3504 244 3554 3⁰.
254 3500 345 3574 ,Ponit
355 3502 487 3567 tannsm
496 3494 670 3564 principium,
682 3508 738 3547 nen
748 3492 928 3562 rumpendam
939 3507 1000 3546 esse
1011 3508 1116 3561 pscem,
1129 3510 1183 3548 non
1193 3499 1268 3566 quod

168 3581 301 3654 precelsus
312 3581 355 3645 sit,
367 3580 416 3633 sed
428 3578 503 3649 qnod
515 3576 603 3630 setim
615 3576 696 3630 tuerit
710 3592 772 3629 enm
785 3590 842 3629 non
859 3575 916 3628 lieri
933 3590 1016 3644 quem
1032 3575 1133 3631 tecum
1144 3577 1267 3634 dissolri.

101 3654 105 3661 ’
204 3667 244 3717 4⁰.
265 3663 318 3716 Per
328 3662 472 3715 rstiooinie
483 3664 513 3714 et
524 3661 655 3730 exempla
665 3657 753 3712 insius
764 3658 847 3712 dccet
858 3656 1074 3711 Atheniensibus
1091 3675 1150 3713 esse
1165 3665 1269 3731 preos-

168 3745 289 3800 vendum
302 3744 469 3813 nesiugulss
487 3744 620 3807 civitates,
638 3746 732 3795 eontrs
752 3757 830 3795 susm
846 3740 968 3810 ipsorum
985 3741 1141 3808 utilitatem,
1156 3744 1269 3811 privetis

170 3827 285 3898 quidem
296 3826 444 3879 inimicitiis
457 3828 485 3879 et
503 3824 704 3890 offensionibus,
716 3828 746 3877 st
757 3823 896 3877 communi
908 3827 1055 3891 pretextu,
1066 3826 1095 3877 in
1106 3826 1208 3877 bellum
1220 3826 1269 3879 sd-
1304 3855 1308 3876 ι

169 3924 265 3964 sersus
274 3909 349 3979 ipsos
363 3907 511 3978 rapientur,
524 3922 557 3960 so
574 3907 690 3975 proinde
703 3908 891 3961 universorum
903 3904 1061 3961 creeomm
1072 3906 1192 3973 impetus
1201 3904 1268 3974 ipsis

170 3990 325 4047 sustinendi
338 3992 401 4045 sint.
809 3984 815 3997 ⁶

205 4077 244 4128 θ’.
268 4072 418 4129 Concludit
434 4071 625 4141 respondendo
636 4072 669 4125 iis
680 4072 729 4142 qui
740 4072 879 4140 negabant
889 4069 952 4124 beili
968 4076 1043 4124 metu
1064 4068 1190 4122 ssciends
1207 4087 1269 4128 esso

170 4173 206 4211 es
215 4172 279 4225 quse
291 4154 339 4210 elii
346 4155 489 4222 jusserint,
500 4157 530 4208 et
539 4154 618 4223 plnrs
629 4154 869 4209 commemorando
885 4168 949 4221 quse
960 4152 1143 4205 Athenienses
1154 4166 1268 4211 conoes-

110 4264 118 4277 ·
170 4241 256 4295 serint
265 4240 302 4293 oh
312 4254 409 4309 psoem
421 4239 466 4293 vel
477 4237 657 4292 obtinendem
668 4239 713 4293 rel
722 4238 894 4292 sonandam.

206 4320 279 4376 llere
291 4322 377 4377 orstio
386 4320 459 4376 diets
470 4323 513 4375 est
524 4334 596 4375 enno
606 4320 686 4375 tertio
694 4319 856 4389 olympirdis
865 4329 947 4383 cvm,
957 4315 1008 4369 suh
1017 4314 1119 4372 Archia
1129 4318 1267 4374 archonte.
