2934 5000
450 577 888 700 nnuosruaurs

337 779 531 857 ORATIO
556 781 625 856 DE
650 766 997 856 CHERSONESO.

164 977 191 1036 1.
213 975 343 1044 AEouuu
352 989 439 1051 esset,
448 977 653 1051 Athenienses,
662 989 790 1040 oratores
801 988 911 1040 vestrm
919 993 1131 1054 omnes,neque
1144 969 1215 1036 odio

120 1068 272 1150 impulsos,
282 1091 375 1151 neque
385 1071 423 1132 ad
431 1071 554 1152 gratiam
568 1076 726 1150 cujusquam
736 1072 855 1132 verbum
865 1066 958 1130 ullum
966 1070 1057 1150 loqui,
1070 1068 1122 1127 sed
1134 1067 1215 1148 quod

110 1161 243 1242 ,quisque
257 1165 397 1244 optimum
417 1164 547 1236 duceret,
567 1163 597 1223 id
609 1165 750 1244 proferre,
762 1159 844 1225 vobis
860 1163 1018 1244 praesertim
1039 1160 1076 1221 de
1090 1159 1214 1240 publicis

118 1255 291 1336 magnisque
300 1257 425 1335 negotiis
439 1243 687 1318 deliberantibus:
707 1256 761 1318 sed
773 1257 844 1336 quia
856 1249 999 1328 nonnulli,
1013 1254 1084 1315 alias
1093 1252 1214 1314 emula·

116 1346 210 1430 tione,
223 1347 295 1410 alias
315 1368 491 1429 quacunque
504 1349 542 1410 de
565 1368 655 1410 cause
673 1347 711 1410 ad
732 1347 891 1410 dicendum
903 1341 1101 1428 impelluntur,
1113 1345 1215 1418 rasni,

116 1437 325 1512 Athenienses,
339 1440 427 1500 officii
442 1451 498 1516 est,
515 1451 548 1500 ut
568 1439 631 1501 aliis
644 1443 731 1502 rebus
745 1441 880 1502 omnibus
893 1439 1020 1510 omissis,
1036 1457 1103 1518 quse
1116 1436 1215 1505 lutura

114 1530 324 1610 esseputatise
334 1531 489 1612 republica,
503 1551 539 1592 ea
547 1543 578 1593 et
587 1531 752 1594 decernetis
765 1527 1020 1617 etexsequaminir
1036 1529 1115 1591 Cura
1127 1524 1215 1608 igitur

110 1640 237 1696 prorem
249 1641 295 1682 res
309 1623 339 1682 in
353 1621 536 1686 Chersoneso
547 1634 645 1704 gestas
659 1632 774 1704 spectat
786 1633 816 1684 et
828 1621 1043 1704 expeditionem
1056 1619 1146 1692 illam,
1156 1617 1216 1699 'qua

115 1711 269 1794 Philippus
284 1724 421 1796 suscepta
434 1715 622 1776 undecimum
636 1715 699 1797 jam
721 1715 752 1774 iu
771 1715 896 1776 'l'hraeia
915 1711 1213 1775 mensemrersatur:

115 1805 261 1894 orationes
280 1817 377 1878 autem
390 1805 537 1889 pleraque
547 1807 591 1868 'de
604 1811 690 1869 rebus
704 1807 860 1880 habentur,
877 1827 950 1887 quas
965 1801 1119 1887 Diopithes
1135 1806 1214 1884 gerit

116 1907 148 1958 et
160 1897 289 1960 facturus
303 1909 358 1960 est
381 1895 444 1990 ‘Ego
458 1920 527 1962 vero
540 1902 578 1962 de
592 1900 627 1962 iis
636 1900 804 1972 criminibus,
818 1919 941 1987 quorum
955 1897 1049 1977 quiris
1063 1897 1213 1960 insimulet

114 1989 241 2068 aliquem
264 2010 374 2062 eorum,
388 2011 463 2070 quoa
475 2013 567 2070 penes
582 2013 635 2052 vos
649 2003 695 2052 est
708 2013 745 2052 ex
758 1992 885 2072 legibus,
904 1991 1141 2072 quandocunque
1158 2010 1211 2052 ro·

113 2081 193 2153 letis,
205 2081 317 2160 punire,
331 2081 456 2158 aivejam
469 2081 551 2140 vobis
563 2081 656 2150 visum
667 2081 716 2152 sit,
729 2083 790 2141 sive
798 2083 945 2162 paulisper
956 2081 1162 2154 inhibentibus,
1172 2079 1212 2142 de

112 2171 208 2243 hisee,
221 2171 338 2247 inquere
358 2179 393 2228 ut
405 2163 574 2228 deliberatio
587 2166 648 2242 fist,
661 2171 749 2230 licere
763 2171 897 2240 arbitron
918 2190 1014 2250 neque
1027 2189 1093 2231 esse
1106 2190 1210 2232 neces·

113 2263 233 2335 sarium,
247 2273 280 2324 ut
293 2262 339 2322 vel
353 2281 409 2342 ego
422 2259 470 2320 rel
484 2261 638 2342 quisquam
652 2259 725 2320 nlius
741 2279 777 2320 ea
788 2260 824 2320 de
837 2280 868 2320 re
880 2261 1097 2322 contentionem
1115 2263 1210 2324 susci-

113 2356 196 2437 piat:
216 2375 282 2436 quea
299 2374 368 2415 sero
389 2351 554 2434 Philippus,
576 2361 682 2414 nostre
702 2351 827 2412 civitatis
848 2350 942 2413 hostis
963 2371 1145 2432 magnasque
1157 2373 1209 2416 co·

112 2450 178 2531 pias
197 2449 275 2511 cirea
293 2446 516 2527 Hellespontum
529 2445 650 2518 babens,
671 2445 747 2505 nobis
765 2442 919 2525 preripere
938 2455 1071 2519 conatur,
1084 2464 1209 2526 quaeque

112 2562 168 2605 nos
190 2539 344 2603 occasione
360 2540 450 2600 semel
464 2537 601 2623 neglecta
614 2535 766 2602 restituere
784 2535 813 2597 in
829 2536 976 2618 integrum
990 2558 1140 2620 nunquam
1152 2559 1207 2621 po-

112 2634 242 2709 terimus,
255 2633 292 2694 de
305 2632 350 2693 hia
364 2631 491 2714 expedit,
505 2633 617 2712 opinor,
626 2651 714 2711 quam
727 2630 852 2713 primum
864 2640 895 2692 et
914 2631 1032 2700 decerni
1044 2643 1075 2697 et
1086 2644 1206 2715 paratos

113 2747 188 2803 esse,
201 2746 296 2807 neque
310 2734 477 2807 eapropter
489 2725 601 2799 turbas,
625 2722 688 2787 aliis
702 2716 740 2784 'ue
754 2724 841 2787 rebus
861 2725 1005 2803 redense,
1025 2737 1057 2789 et
1072 2726 1206 2791 crimina·

111 2820 207 2886 tiones
218 2821 360 2881 deserere

152 2916 183 2975 2.
203 2916 379 2995 Quanquam
393 2920 490 2975 autem
503 2912 598 2975 multa
616 2933 683 2994 quae
696 2913 776 2995 apud
788 2932 841 2976 vos
855 2912 914 2975 dici
926 2912 1022 2975 solent
1035 2913 1132 3001 mirer,
1150 2912 1206 2975 du·

109 3007 181 3069 dum
195 3018 294 3085 tamen
307 3007 394 3067 velia
410 3008 509 3087 primis
520 3006 593 3068 illud
607 3006 780 3081 demirabar,
795 3006 1003 3081 Athenienses,
1022 3006 1102 3087 quod
1114 3006 1205 3077 inse·

107 3111 181 3163 natu
195 3100 359 3179 quempiam
372 3099 517 3163 dicentem
527 3097 691 3173 audiebam,
702 3098 809 3161 decere
822 3098 939 3160 omniuo
952 3098 1159 3173 consiliarium,
1170 3109 1206 3165 ut
1227 3152 1234 3165 .

109 3194 157 3255 vel
171 3191 259 3273 plene
273 3190 382 3251 bellurn
396 3210 494 3273 gerere
509 3190 555 3251 rel
573 3210 689 3264 servare
702 3211 806 3272 pacem
823 3190 956 3254 suadeat.
996 3192 1045 3253 Sic
1058 3202 1155 3259 sutem
1171 3212 1205 3263 se

108 3304 157 3361 res
175 3280 342 3355 habet-si
362 3278 513 3363 Philippus
541 3281 676 3361 quiescit,
690 3302 793 3369 ¹neque
814 3294 900 3362 rupto
920 3280 1028 3344 foedere
1047 3284 1204 3363 quicquam

107 3376 192 3439 vobis
210 3384 341 3461 ereptum
359 3384 450 3447 tenet,
468 3394 564 3455 neque
585 3395 687 3436 omnes
704 3376 813 3453 pariter
830 3373 963 3459 hnnqines
983 3375 1014 3435 in
1034 3395 1088 3437 nos
1111 3385 1205 3442 armat

110 3472 307 3547 concitatque,
319 3467 389 3529 nihil
400 3477 448 3529 est
456 3468 623 3539 dicendum,
638 3466 691 3528 sed
704 3468 792 3548 plane
805 3488 863 3548 pax
875 3468 1012 3548 agenda:
1029 3480 1060 3541 et
1070 3470 1150 3551 quod
1164 3470 1204 3533 ad

109 3582 163 3625 roe
175 3556 293 3641 quidem
307 3560 422 3631 attinet,
437 3571 541 3640 parata
554 3578 618 3619 esse
634 3560 731 3625 omnia
743 3559 840 3619 rideo.
865 3558 905 3619 At
917 3560 953 3634 si,
967 3581 1032 3641 quae
1040 3558 1202 3642 juravimus

110 3665 141 3717 et
154 3653 260 3734 quibua
273 3652 467 3711 condtiuuibus
479 3670 583 3733 pacem
606 3646 738 3723 lecimus,
759 3669 797 3713 ea
809 3652 839 3711 in
852 3662 1013 3735 conspeetu
1026 3666 1097 3715 nunt
1113 3666 1145 3717 et
1156 3676 1202 3717 re·
1246 3710 1257 3723 ,

107 3748 170 3814 lata
182 3744 218 3819 in,
229 3743 355 3817 tabulas,
369 3741 536 3833 Philippum
550 3762 619 3804 vero
638 3752 765 3817 constat,
786 3756 941 3826 antequam
962 3742 1115 3827 Diopithes
1133 3766 1201 3819 cum

109 3837 233 3911 colonia,
245 3836 275 3896 in
287 3854 361 3914 quos
371 3834 508 3895 concitati
521 3835 591 3895 belli
605 3836 714 3897 crimen
726 3852 807 3896 nunc
817 3838 974 3913 confertur,
983 3838 1053 3899 hine
1065 3836 1201 3914 solveret,

107 3930 201 3993 multa
214 3924 296 3989 vobis
316 3926 519 4007 perinjurium
539 3927 689 4008 eripuisse,
710 3926 818 4007 quibus
838 3920 982 4008 derebus
1003 3931 1123 3991 decreta
1134 3926 1200 3993 hoec

106 4033 303 4099 vestraeaque
314 4028 378 4082 rata
387 4028 513 4091 exutam,
522 4018 678 4099 quoeillum
693 4030 842 4095 accusent,
852 4030 882 4081 et
895 4020 1115 4101 omnitempore
1128 4040 1199 4083 con·

106 4118 232 4179 tinenter
244 4122 307 4173 tum
320 4121 491 4173 ceterorum
505 4108 674 4195 (iraecomm
687 4123 750 4173 tum
762 4110 952 4174 barbarorum
966 4132 1012 4173 res
1035 4131 1199 4193 orqupasse

106 4218 137 4271 et
148 4216 250 4271 contm
264 4223 318 4264 nos
331 4198 511 4280 instnrxisse,
526 4205 596 4285 quid
610 4215 657 4267 ert
670 4225 720 4265 cur
734 4202 783 4268 isti
803 4204 946 4278 dictitent,
959 4202 1006 4265 rel
1020 4202 1132 4269 bellum
1144 4229 1197 4291 ge·

106 4300 231 4365 rendrrm
243 4315 319 4372 esse,
332 4286 379 4359 'rel
391 4316 494 4377 pacem
509 4290 711 4361 retinendam?
733 4292 799 4363 Nec
810 4296 889 4359 enim
906 4306 1005 4359 utrum
1018 4297 1123 4377 velitis,
1143 4318 1197 4385 cp-

662 4404 681 4449 a
