2934 5000
276 313 333 374 130
570 313 724 378 ORATIO
746 314 803 378 DE
824 313 1055 377 ctnssntus.

276 464 426 526 emitterei
447 465 588 546 Equidem
601 469 745 530 nerninem
761 489 828 530 esse
843 467 987 530 existimo.
1029 468 1092 528 lnro
1102 485 1159 528 nec
1175 465 1218 526 iili
1229 463 1357 546 expedit,

257 557 417 636 ,peregrini
430 560 526 620 militis
539 577 627 640 opers
641 559 767 619 Groeciae
773 561 876 640 potiri:
891 561 1026 640 quienim
1035 579 1091 620 nos
1100 558 1276 636 subegerint,
1279 558 1357 637 jum·

274 647 388 726 pridem
400 649 450 710 illo
463 651 570 712 fuerint
581 639 806 731 prestantiores.
846 643 951 732 Neque
964 671 1032 712 vero
1045 651 1116 722 ruit,
1135 651 1219 710 nobis
1239 649 1358 722 excisis,

275 738 337 818 ipse
353 740 383 798 in
398 740 518 800 eliorum
531 760 596 802 esse
617 751 781 820 potestate:
802 743 856 803 sed
867 744 1013 815 omnibns,
1025 743 1051 802 si
1063 742 1124 802 beri
1136 740 1249 820 possit3
1268 738 1314 799 sin
1325 739 1359 799 id

272 829 335 890 fieri
345 849 403 892 non
417 833 518 910 possit,
528 843 557 892 nt
569 834 658 893 servis
671 843 749 894 certe
768 835 829 894 suis
841 834 994 913 impetere.

318 925 364 982 10.
384 924 471 989 Quod
484 924 509 984 si
522 925 588 1004 quis
598 923 755 984 Tbebunos
767 943 834 985 cum
847 925 898 985 ino
913 943 945 985 se
957 924 1164 1004 conjuncturos
1177 933 1270 1002 putet,
1281 921 1359 981 diffi-

226 1013 230 1027 '
274 1013 337 1074 cilis
346 1015 461 1094 quidem
474 1028 520 1078 est
530 1015 608 1096 opud
618 1037 671 1077 ros
685 1037 720 1078 es
730 1015 767 1076 de
778 1037 808 1078 re
821 1017 912 1080 oratio
926 1038 934 1078 ε
953 1037 1023 1078 num
1032 1036 1099 1078 cunr
1110 1036 1162 1076 eos
1170 1016 1300 1090 oderitis,
1307 1034 1358 1074 ne·

276 1124 334 1185 que
349 1125 448 1168 rerum
459 1107 581 1168 libenter
594 1127 687 1187 neque
700 1109 769 1168 boni
782 1109 937 1189 quicquum
948 1107 986 1169 de
998 1109 1040 1170 eis
1062 1107 1204 1177 uudicdsr
1223 1115 1358 1168 remnts-

275 1215 343 1256 men
356 1215 407 1258 eos
417 1197 511 1271 decet,
523 1202 573 1279 qui
586 1200 699 1280 magnis
714 1199 751 1260 de
764 1202 851 1260 rebus
863 1199 1034 1273 deliberent,
1043 1199 1154 1260 nullum
1166 1199 1264 1258 utilem
1273 1198 1357 1278 ocgi-

273 1289 412 1350 rationem
424 1293 640 1370 pretermittere
653 1293 714 1352 ullu
726 1291 763 1352 de
781 1311 879 1352 censs„
921 1291 987 1372 Ego
1007 1311 1076 1354 vero
1088 1291 1230 1362 existimo,
1243 1299 1357 1350 tantum

275 1381 418 1442 obessent
428 1383 556 1446 'lbebnni
569 1403 696 1464 unquam
706 1403 773 1444 curn
782 1385 833 1445 iilo
842 1384 986 1445 Grrecinm
995 1384 1122 1445 inresuri
1129 1381 1198 1454 sint,
1205 1392 1240 1441 ut
1251 1399 1358 1460 magns

152 1517 155 1526 .
276 1473 402 1551 pecunie
420 1477 445 1538 si
465 1475 564 1538 liceret
588 1475 788 1556 redempturos
806 1485 906 1556 putem
926 1474 1118 1546 occursionem,
1131 1492 1190 1552 qun
1207 1485 1308 1534 retem
1325 1472 1357 1531 in

275 1564 398 1628 Grecos
411 1567 683 1631 delietnebolerent
725 1567 813 1637 Quod
827 1569 852 1627 si
865 1567 930 1647 quis
940 1567 1094 1640 existimat,
1103 1565 1257 1626 'lbebnnos
1265 1583 1358 1642 usqne

275 1656 350 1717 odeo
359 1667 533 1720 natureesse
545 1660 686 1732 infelices,
697 1659 770 1720 illud
780 1660 878 1738 utique
886 1659 1053 1738 intelligetis
1066 1676 1179 1729 omnes,
1187 1657 1213 1716 si
1224 1656 1356 1716 Thebuni

274 1767 342 1808 cum
354 1748 406 1808 illo
415 1749 534 1828 fuciunt,
544 1769 609 1810 esse
620 1769 751 1822 necesse,
764 1761 798 1809 ut
810 1769 908 1810 eornm
918 1751 1018 1811 bostes
1032 1760 1112 1810 stent
1124 1770 1143 1808 ι
1151 1748 1274 1811 Grecis.
1289 1747 1357 1828 Ego

274 1837 360 1916 igitur
377 1839 520 1913 existimo,
528 1840 605 1900 hunc
624 1841 754 1900 ordinem
766 1841 919 1920 requitatis,
941 1851 973 1902 et
983 1861 1033 1902 eos
1047 1841 1097 1921 qui
1109 1860 1177 1901 cum
1189 1841 1245 1901 boc
1257 1839 1357 1900 ordine

274 1947 307 1989 se
320 1929 505 2010 conjungent,
520 1943 581 1990 tum
593 1932 799 2012 proditoribus,
811 1944 874 1992 tum
887 1933 1022 1997 Barbaria
1033 1933 1096 1994 fore
1111 1933 1253 1994 universis
1270 1951 1356 2012 snpe-

273 2019 372 2082 riores.
412 2024 509 2088 Quare
518 2043 612 2104 neque
621 2023 773 2084 immodice
782 2024 1004 2098 formidandum,
1014 2045 1109 2104 neque
1119 2024 1357 2084 committendum

273 2131 339 2172 esse
346 2131 458 2187 censeo,
469 2125 502 2174 ut
515 2117 624 2195 priores
637 2116 746 2178 bellum
757 2117 923 2178 inferemus.
962 2119 1006 2178 Ac
1016 2137 1054 2177 ne
1063 2127 1231 2178 coeterorum
1240 2117 1356 2196 quidem

275 2205 443 2266 Grecorum
464 2207 515 2268 ulli
535 2209 638 2270 merito
660 2210 768 2270 bellurn
788 2209 846 2271 boc
858 2206 1002 2270 formidini
1015 2228 1079 2270 esse
1089 2209 1192 2269 rideo:
1211 2228 1278 2268 nem
1292 2209 1356 2288 qnis

274 2315 373 2357 eorum
386 2299 510 2378 ignoret,
525 2321 567 2375 se,
581 2302 650 2362 dum
659 2302 740 2361 illurn
753 2321 935 2364 communem
951 2301 1061 2362 bostem
1075 2300 1226 2372 ducentes,
1237 2301 1314 2360 inter
1326 2319 1358 2360 se

274 2403 492 2468 consenserunt,
502 2395 614 2474 mugnis
624 2397 724 2475 opibus
734 2395 884 2464 docuisses
905 2406 1060 2476 postquem
1079 2396 1248 2475 sutemcjns
1259 2394 1357 2455 omici-

274 2481 315 2543 tin
325 2484 401 2559 freti,
409 2484 447 2547 de
457 2486 574 2567 privetis
587 2488 790 2549 controversiis
798 2489 871 2550 inter
879 2508 913 2549 se
921 2487 1140 2561 contenderunt,
1148 2485 1281 2549 totmnlu
1289 2507 1355 2548 esse

273 2594 439 2657 perpessos,
451 2588 524 2656 quot
536 2580 561 2637 si
573 2581 636 2659 quis
649 2600 699 2639 eos
713 2580 855 2642 devovere
864 2581 954 2641 vellet
964 2570 1200 2661 vix'reperisseti

317 2668 363 2721 ll.
384 2668 477 2735 Quem
487 2670 574 2747 igitur
587 2670 714 2733 Fortuna
726 2683 758 2731 et
771 2673 811 2732 dii
823 2672 997 2733 immortales
1009 2682 1070 2733 tun
1079 2672 1204 2733 enricum
1214 2673 1356 2744 inutilem,

273 2772 361 2832 quum
376 2752 487 2819 bostem
501 2780 566 2822 esse
579 2763 791 2824 conducibilem
812 2764 1051 2838 declarantem
1072 2783 1128 2825 nos
1145 2764 1357 2825 formidemus?

275 2842 485 2922 Nequnqunmr
505 2852 558 2907 sed
571 2872 609 2911 ne
617 2853 758 2914 faciemus
771 2854 903 2934 injurium
914 2868 1015 2917 nostru
1027 2874 1120 2916 censs
1130 2865 1162 2916 et
1172 2866 1358 2935 propterca·

274 2946 401 2995 urorum
415 2934 584 2995 Graecorum
597 2943 696 2999 turbes
708 2954 739 3001 et
752 2946 960 3008 diffidentiam
980 2966 1049 3009 nem
1063 2948 1288 3018 siconcordiren
1302 2948 1358 3009 nd·

271 3026 439 3107 jurantibus
461 3027 603 3100 omnibus,
617 3027 711 3087 solum
724 3032 804 3092 illum
817 3036 952 3097 insedere
972 3038 1082 3109 liceret,
1093 3057 1132 3099 ne
1149 3037 1281 3116 injuriam
1293 3038 1360 3117 qui.

276 3118 343 3180 dem
355 3118 397 3179 illi
410 3119 521 3181 euobis
535 3120 596 3179 fieri
608 3131 749 3201 putarem.
790 3122 850 3184 Sed
862 3144 930 3183 cunr
938 3148 971 3187 se
979 3150 1026 3190 res
1035 3130 1118 3191 niiter
1125 3131 1241 3203 hubent,
1249 3150 1358 3191 nav..

275 3211 346 3271 dum
359 3230 474 3284 censeo,
488 3232 525 3273 ne
539 3230 638 3273 ensem
652 3214 713 3291 regi
729 3214 911 3291 prmbenmns
925 3226 958 3274 ut
967 3219 1041 3295 iuris
1054 3230 1222 3283 ceterorum
1235 3222 1359 3284 Gmco·

274 3324 339 3365 rurn
352 3306 458 3365 arbiter
471 3324 536 3365 esse
550 3303 684 3365 student:
706 3304 922 3383 quiescentibus
935 3306 1102 3369 enimvobis
1111 3326 1262 3392 snspecms
1270 3327 1358 3390 esset,

276 3396 379 3475 siquid
394 3396 451 3455 tulo
463 3397 626 3465 moliretur;
649 3397 693 3457 sin
703 3397 813 3476 priores
825 3398 934 3457 bellurn
945 3399 1110 3473 movereris,
1118 3400 1194 3463 hund
1205 3406 1307 3481 injuris
1312 3407 1358 3466 ri·

276 3487 390 3547 debitur
402 3498 518 3567 propter
528 3498 639 3550 vestras
651 3489 822 3563 inimicitius,
836 3489 955 3550 eliorum
966 3502 1101 3569 expetere
1108 3493 1269 3557 amicitiem.
1308 3497 1359 3559 Ne

274 3578 362 3657 igitur
375 3598 495 3657 urguere
511 3580 614 3653 velitis,
630 3597 716 3660 quem
731 3592 882 3662 corruptus
891 3575 933 3642 'sit
943 3582 1067 3643 Greciee
1079 3593 1184 3658 stetur,
1195 3606 1361 3650 convocen-

276 3670 322 3730 dis
336 3670 377 3729 cis
391 3686 456 3728 curn
471 3688 530 3729 non
543 3673 761 3749 persuadebitis,
775 3684 806 3732 et
825 3673 953 3751 gerendo
965 3672 1043 3735 bello
1053 3694 1121 3735 cuns
1134 3696 1192 3736 non
1207 3680 1357 3756 poteritis:

275 3764 327 3826 sed
341 3762 427 3842 quieti
439 3770 542 3835 estote,
560 3775 591 3823 ct
602 3764 790 3843 imperterriti,
805 3774 835 3823 et
850 3764 992 3837 instructi.
1032 3766 1072 3826 Et
1082 3768 1211 3828 nuncisri
1223 3769 1262 3859 de
1275 3773 1357 3833 vob'u

276 3856 339 3936 regi
351 3854 454 3927 velitis,
473 3872 531 3912 non
542 3854 659 3931 quidem
673 3865 751 3915 certe
765 3867 889 3917 cestunre
905 3867 957 3918 eut
969 3868 1097 3919 metuere
1117 3871 1171 3919 ιιι
1190 3862 1358 3924 tumultuari

277 3966 380 4009 omnes
387 3944 518 4017 umens,
532 3955 562 4005 et
575 3946 895 4027 Athenienses—longe
907 3959 985 4010 certe
993 3948 1075 4010 eliter
1085 3969 1118 4010 se
1127 3970 1188 4010 rem
1196 3951 1354 4015 bebere-2

275 4052 363 4120 stque
377 4038 450 4099 odeo
463 4037 518 4097 nisi
531 4036 609 4117 apud
623 4036 745 4099 Groecos
754 4058 837 4118 mque
845 4042 1357 4125 urrpebeberenturmentirietpeje·

274 4152 348 4203 rnre,
361 4142 395 4191 ut
407 4128 486 4209 apud
498 4127 580 4188 ilium
589 4129 768 4207 prmclurum,
776 4130 949 4211 jampridem
962 4152 1015 4194 vos
1029 4134 1060 4193 in
1072 4134 1155 4194 iilum
1164 4135 1256 4197 inisse
1263 4136 1356 4216 impe·

276 4234 338 4281 turn
351 4224 489 4284 facturos.
529 4220 618 4281 Nunc
635 4221 665 4281 id
684 4240 737 4282 vos
749 4241 931 4302 nequequam
942 4225 1069 4287 fecturus
1085 4236 1231 4307 vesunpte
1245 4246 1357 4291 censs:

277 4314 330 4374 sed
343 4333 442 4376 ornnes
454 4314 567 4397 precari
580 4314 662 4389 deos,
674 4326 706 4375 ut
715 4313 819 4400 eudem
828 4317 892 4395 ipse
901 4318 1027 4381 umentia
1035 4318 1212 4399 corripietur,
1220 4322 1356 4400 qnsolirn

275 4404 398 4485 msjorcs
412 4405 484 4485 eJnr.
524 4407 621 4488 Atque
632 4406 696 4469 benc
714 4407 739 4467 si
751 4405 933 4471 condona
949 4408 980 4471 in
992 4408 1118 4473 enirnum
1133 4409 1289 4488 induxerit,
1301 4432 1355 4476 ros
