2934 5000
227 307 286 367 uo
339 283 342 290 '
646 301 704 364 ns
723 301 905 364 conosi.

223 459 394 542 juribus
426 457 510 520 suls
535 455 805 540 disceptare,
839 475 926 518 cum
963 459 1230 536 perspectum
1266 451 1339 513 ha·

228 551 412 623 buerlnt.
429 549 771 633 quemadmodum
792 549 844 614 lis
868 549 932 631 qui
948 545 1122 629 patriam
1140 541 1339 624 Phllippo

228 643 415 706 vendunt
437 643 578 706 aderit
599 661 712 723 opem
737 642 904 702 laturus
926 637 1146 701 exercitus
1173 634 1337 708 Elateia,

232 736 293 797 ita
331 735 387 796 iis
422 736 492 814 qui
530 753 605 815 pro
640 731 849 794 libertate
884 731 1044 793 couniti
1078 727 1223 789 volunt
1257 745 1336 788 vos

197 838 392 908 *praeto
416 846 520 901 erse,
543 825 748 888 auxilium
777 825 886 886 lerre
913 832 1094 905 paratos,
1116 821 1151 882 si
1174 821 1268 902 quis
1291 821 1337 880 in

232 939 301 982 eos
327 920 543 980 invaserit.
582 915 777 978 Posthoec
803 917 941 978 creari
960 917 1087 991 jubeo
1113 913 1251 974 decem
1279 913 1336 973 le·

233 1023 371 1094 gatos,
395 1021 523 1091 atque
543 1010 610 1077 his
632 1009 798 1090 pariter
824 1028 909 1071 cum
929 1004 1252 1088 imperatoribus
1273 1024 1339 1085 po-

233 1116 427 1168 testatem
450 1103 639 1188 permitti
663 1111 704 1163 et
729 1103 949 1164 statuendi
971 1120 1045 1181 quo
1065 1111 1240 1180 tempore
1268 1099 1337 1160 mi·

234 1201 338 1262 lites
361 1197 468 1259 illuc
490 1193 707 1278 proticisci
733 1202 927 1274 oporteat
952 1203 994 1254 et
1015 1190 1225 1271 quomodo
1247 1191 1338 1252 cd‘u-

235 1300 393 1352 centur.
438 1289 657 1367 Postquam
683 1304 783 1346 vero
803 1284 928 1365 legati
957 1284 1118 1346 'l'hebas
1144 1300 1339 1362 perseue-

235 1385 334 1458 rint,
354 1381 547 1463 quomodo
572 1380 677 1441 hanc
700 1398 772 1441 vos
797 1397 878 1439 tem
905 1386 1097 1438 tractore
1122 1375 1340 1456 precipio?

237 1477 332 1538 huic
356 1474 471 1557 parti
493 1492 584 1535 mete
605 1469 920 1551 disputationis
939 1466 1183 1550 diligentius
1206 1476 1341 1529 atten-

240 1569 342 1632 dite.
382 1565 499 1628 Nihil
521 1563 741 1645 quicquam
766 1583 785 1624 a
809 1561 1015 1624 Thebanis
1042 1560 1340 1642 petite—turpe

240 1661 349 1724 euim
369 1671 530 1739 tempus
552 1665 665 1735 est-,
688 1654 759 1716 sed
782 1671 853 1716 sos
877 1653 1067 1716 auxilium
1099 1651 1150 1713 iis
1170 1652 1341 1726 laturos,

242 1755 276 1815 si
308 1749 538 1830 jusserint,
570 1748 816 1829 promittite,
851 1757 1038 1826 tanquam
1070 1744 1140 1806 illi
1173 1745 1341 1824 quidam

243 1862 391 1908 summo
413 1842 452 1901 in
476 1839 708 1902 discrimine
730 1848 953 1912 versentur,
976 1857 1043 1900 nos
1066 1835 1205 1899 melius
1225 1857 1340 1916 quam

244 1934 311 1996 illi
333 1949 463 1995 rerum
489 1943 675 1992 eventum
700 1931 1015 2011 prospiciamus:
1049 1939 1101 2003 ut,
1127 1929 1160 1991 si
1185 1929 1342 2009 quidem
1463 1991 1464 1994 ,

247 2027 326 2087 hsec
358 2022 585 2105 approbent
620 2021 819 2101 nobisque
854 2023 1148 2094 assentiantur,
1185 2032 1263 2084 tum
1298 2041 1343 2083 ee

245 2137 330 2200 quse
351 2117 585 2197 expetimus
607 2116 828 2176 consecuti
851 2114 1055 2190 fuerimus,
1077 2126 1150 2177 tum
1171 2115 1252 2176 ista
1270 2131 1343 2195 pro

246 2209 452 2292 dignitate
486 2217 636 2270 nostras
660 2207 896 2288 reipublice
925 2209 1239 2277 coniecerimusr
1274 2207 1342 2269 sin

247 2303 359 2365 votis
389 2300 537 2364 cadere
559 2299 802 2379 contigerit,
827 2301 903 2362 isti
925 2300 1089 2382 quidem
1112 2319 1154 2362 sc
1180 2300 1263 2381 ipsi
1287 2319 1344 2360 ac·

251 2405 411 2468 curent,
435 2393 471 2454 si
505 2390 602 2472 quid
636 2410 743 2453 nunc
773 2391 1044 2465 offenderint,
1077 2409 1096 2452 a
1125 2380 1246 2454 uobis
1281 2411 1344 2453 sn-

249 2499 329 2552 tem
358 2485 463 2549 nihil
486 2495 614 2566 turpe
641 2493 710 2547 aut
736 2485 889 2547 humile
917 2486 976 2546 sit
1005 2481 1239 2547 admissum(

291 2584 341 2642 66.
361 2580 437 2639 Hac
450 2588 539 2656 atque
559 2576 606 2635 his
624 2576 730 2637 similia
741 2596 808 2637 cum
826 2579 975 2652 dixissem,
987 2576 1136 2639 descendi.
1177 2578 1253 2648 Ques
1276 2592 1346 2641 eum

251 2670 468 2735 collaudassent
489 2687 590 2729 omnes
600 2676 635 2737 ,et
654 2689 741 2730 nemo
760 2670 915 2750 quicquam
934 2682 1038 2732 contra
1057 2671 1187 2748 dixisset,
1206 2692 1267 2733 non
1287 2673 1349 2734 dixi

253 2765 319 2824 haec
338 2759 465 2841 quidem,
477 2780 538 2819 non
551 2770 650 2819 autam
670 2761 783 2841 scripsi,
795 2782 850 2823 nec
864 2762 965 2845 scripti
978 2763 1107 2845 quidem,
1127 2784 1187 2825 non
1199 2766 1352 2845 proiectus

253 2875 319 2917 sum
341 2863 439 2913 autem
452 2852 491 2912 ad
504 2852 691 2931 legationem,
703 2874 760 2915 nec
772 2856 919 2936 profectus
932 2858 1061 2937 quidem,
1074 2877 1134 2919 nou
1150 2862 1283 2939 persuasi
1296 2880 1350 2923 an-

252 2960 313 3013 tem
321 2943 481 3017 Thebanis,
494 2944 547 3003 sed
556 2964 576 3003 a
588 2944 729 3027 principio
737 2948 834 3008 omnia
843 2969 906 3009 sum
916 2949 954 3009 ad
963 2970 1058 3031 usque
1069 2950 1156 3011 finem
1166 2964 1349 3033 persecutus,

255 3056 360 3118 meque
372 3044 467 3095 totum
479 3034 561 3095 vobis
572 3034 606 3095 in
619 3038 790 3117 urgentibus
803 3040 1011 3120 rempublicam
1023 3042 1159 3122 periculis
1175 3045 1264 3125 plane
1277 3064 1352 3109 con-

194 3140 197 3143 ’
253 3131 340 3193 cersi.
373 3129 449 3209 Age,
465 3126 567 3208 proles
584 3127 655 3191 mibi
674 3129 833 3205 decretum,
846 3134 928 3215 quod
946 3144 1008 3195 mm
1028 3138 1140 3199 factum
1158 3140 1353 3221 est—Atqui
1404 3122 1414 3143 ’

254 3241 343 3304 quem
354 3232 386 3284 te
398 3221 455 3293 vis,
467 3218 621 3295 AEechine,
632 3239 719 3300 quem
733 3226 877 3305 meipsum
897 3226 987 3288 luisse
999 3228 1051 3289 illo
1063 3230 1112 3289 die
1125 3232 1253 3309 ponam?
1280 3232 1351 3293 vin·

234 3397 238 3407 Ι
256 3336 305 3376 me
317 3314 436 3394 quidem
449 3332 527 3387 enm,
541 3332 629 3394 quem
642 3324 673 3373 tu
690 3334 744 3395 per
759 3318 920 3379 convicium
936 3329 967 3380 et
985 3322 1191 3384 contumeliam
1212 3324 1352 3385 Batulum

218 3482 222 3495 Ι
255 3406 458 3488 appellaveris,
470 3416 502 3466 te
514 3416 613 3467 autem
625 3427 686 3468 non
699 3408 774 3469 forte
787 3410 904 3473 lortuna
914 3412 1043 3473 oblatum
1053 3414 1152 3490 beroa,
1161 3417 1214 3477 sed
1224 3418 1353 3497 aliquem

256 3518 295 3559 ex
307 3498 353 3559 his
364 3496 403 3556 de
416 3516 515 3571 scena,
529 3498 741 3579 Cresphontem
761 3512 813 3562 aut
831 3502 987 3565 Creontem
1004 3516 1056 3566 aut
1075 3516 1161 3585 quem
1181 3518 1215 3569 tu
1233 3510 1303 3569 olim
1324 3514 1355 3571 in

258 3588 376 3668 Gollyto
390 3586 484 3647 malus
497 3588 574 3650 male
587 3592 657 3651 dum
670 3611 774 3674 ageres
787 3594 929 3655 obtrislsti
941 3596 1139 3658 OEnomauml
1159 3598 1242 3659 Tunc
1254 3601 1354 3682 igitur,

256 3683 309 3743 illo
321 3683 431 3757 isquam
449 3690 589 3759 tempore,
603 3684 783 3746 Poeaniensie
801 3704 857 3765 ego
878 3687 998 3748 Butslus
1022 3689 1171 3751 OEuomao
1191 3694 1355 3755 Cothocide

181 3825 187 3829 .
259 3788 288 3838 ta
300 3774 398 3836 utilior
409 3774 513 3851 patria
525 3775 597 3836 civis
610 3790 778 3857 compertus
792 3800 867 3841 sum.
910 3781 955 3841 'lu
974 3784 1052 3842 enim
1071 3802 1216 3863 nusquam
1236 3785 1356 3847 omnino

257 3866 403 3949 profuisti,
411 3880 546 3943 egosero
555 3867 652 3926 omnia
661 3888 843 3951 quacunque
855 3874 965 3935 bonum
975 3876 1067 3935 civem
1076 3874 1194 3951 decent,
1203 3878 1352 3959 peregi-

262 3960 367 4024 Recita
378 3956 538 4017 decretum.

525 4150 761 4217 Decumum
782 4156 1092 4225 DEMOSTHENIS.

292 4268 410 4317 munte
420 4270 543 4341 Nausiele,
554 4272 617 4321 tribu
628 4272 738 4323 &nude
752 4276 899 4339 presidente,
908 4280 1094 4344 Seisophsrlonis
1110 4280 1201 4330 decimo
1220 4287 1297 4341 usto,
1309 4284 1359 4332 De·

264 4342 398 4391 sumes
409 4346 577 4398 museto
587 4350 605 4397 l.
615 4349 761 4402 Puniensis
770 4356 862 4403 retulit:
878 4356 992 4419 Quonim
1005 4358 1128 4420 Philippus
1137 4357 1293 4407 llsoedom
1303 4374 1358 4417 rex,

261 4432 316 4473 tu
326 4418 554 4486 wuttlwltsmpose
564 4426 631 4488 pods
641 4422 789 4492 ludamus·
799 4430 945 4497 interipsum
960 4442 986 4483 ot
1001 4432 1113 4497 populum
1130 4433 1360 4499 Athenian-per-
