2934 5000
255 253 316 310 m
678 250 735 316 DE
755 251 939 320 conoul.

253 403 286 460 u
300 403 439 482 senaar
449 405 773 496 numm-pr
783 407 904 482 aaa*
914 409 1046 490 rupem
1055 407 1096 468 nt
1106 402 1253 488 Philippo,
1265 385 1375 468 isan

253 504 290 555 at
312 497 401 576 isqui
415 499 486 560 emit
495 499 566 564 vicit
577 513 646 570 eam
660 501 711 580 qui
731 503 857 581 pretinm
876 503 1003 583 accepit,
1018 503 1042 564 si
1062 501 1150 582 morlo
1169 501 1282 574 emeat,
1303 505 1375 576 sie,

252 588 307 666 qui
331 606 386 654 uec
403 591 518 672 accepit
537 609 594 652 noc
617 603 773 673 comptus
791 606 848 668 est,
862 595 932 659 ricit
944 604 1119 676 emptorem:
1141 611 1231 674 quare
1243 593 1373 654 invicta

252 679 358 740 civitas
368 691 414 740 eat
425 683 524 761 quoad
536 699 593 743 ns.

294 773 344 830 ⁷4.
365 775 441 838 Quse
453 776 541 854 igitir
552 793 610 854 ago
627 793 664 836 eo
676 777 797 850 contuli,
811 779 918 858 ntjure
937 777 1008 838 talia
1026 777 1153 838 scrihere
1174 787 1278 856 posset
1297 779 1365 840 iste

252 861 293 922 sle
304 881 363 936 me,
376 875 483 942 praeter
496 867 554 926 alia
565 867 667 939 multa,
681 869 745 926 hsec
758 878 789 926 et
802 869 847 926 his
858 869 965 928 similia
976 877 1063 930 suut:
1084 887 1152 944 quse
1170 879 1268 926 autern
1288 872 1363 927 crh-

252 953 339 1013 nibas
351 964 425 1014 nata
434 955 518 1015 rolris
532 966 610 1027 aaut,
618 962 680 1030 jam
693 973 847 1033 exponam.
869 957 974 1016 Statim
987 968 1056 1034 pust
1069 975 1198 1034 pugnam
1211 959 1363 1038 populas,

252 1047 302 1122 qai
314 1046 403 1105 sciret
419 1065 458 1104 ac
470 1045 593 1104 vidisset
604 1063 671 1122 qvae
684 1063 740 1123 ego
754 1062 901 1124 geram
915 1048 1021 1120 omnia,
1034 1063 1102 1105 carn
1122 1065 1175 1126 per
1188 1048 1268 1127 ipsos
1282 1049 1360 1110 illos

251 1133 376 1196 mores
388 1154 424 1194 ac
435 1134 603 1194 discrimina
619 1135 734 1194 medius
752 1137 911 1209 incederet,
923 1147 983 1216 qim
1001 1146 1132 1216 tempore
1144 1157 1207 1197 non
1220 1149 1284 1198 erat
1295 1141 1358 1197 rni-

252 1224 376 1288 nndum
389 1228 414 1286 si
427 1221 545 1305 'gmvins
557 1221 667 1304 aliquid
681 1228 711 1286 in
725 1247 772 1286 me
786 1239 886 1310 ageret
898 1227 1063 1300 multitudo,
1080 1221 1214 1307 primum,
1227 1224 1299 1290 cum
1314 1231 1357 1290 de

251 1319 346 1380 salute
364 1318 485 1398 publica
504 1317 680 1391 consuleret,
705 1319 867 1380 sententias
886 1337 965 1378 meas
986 1320 1188 1392 confirmabat,
1204 1329 1237 1380 et
1250 1323 1357 1382 omnia

250 1411 435 1489 qaaecunque
447 1410 572 1489 presidii
584 1420 675 1471 causa
694 1413 869 1490 agebantur,
882 1410 1039 1471 custodum
1053 1411 1227 1484 diminutio,
1249 1413 1354 1488 fosse,

250 1503 384 1582 pecunias
397 1505 427 1562 ia
447 1521 545 1564 muros
559 1505 711 1583 eroganda,
724 1505 797 1566 meis
811 1501 935 1566 decretis
949 1503 1076 1564 habant:
1097 1502 1212 1578 demde,
1226 1525 1294 1565 eum
1309 1507 1356 1565 rei

248 1593 446 1655 {monterio
458 1607 622 1657 curatorem
634 1607 756 1670 crearet,
766 1613 814 1656 me
827 1613 918 1656 unum
932 1615 970 1656 ea
981 1596 1117 1656 omnihus
1131 1595 1241 1676 delegit
1253 1615 1353 1676 popu-

249 1684 306 1745 lns.
329 1686 369 1745 Et
383 1707 450 1746 carn
470 1698 572 1765 postea
585 1686 805 1766 conspirassent
818 1689 846 1760 ii,
861 1689 964 1766 quinus
976 1697 1042 1747 erat
1054 1705 1134 1747 curse
1152 1695 1244 1747 alme
1257 1687 1351 1748 lede-

248 1777 502 1847 rent‚etactiaoes
513 1777 553 1836 de
567 1777 690 1836 dromus
701 1779 820 1864 illicitis,
830 1780 974 1839 rationum
983 1780 1125 1851 examina,
1139 1779 1351 1858 perduellionis

243 1868 366 1944 judicia,
379 1878 486 1927 caetera
504 1867 706 1947 hujuscemodi
725 1873 824 1932 omnia
835 1873 867 1930 in
881 1886 927 1930 rae
940 1872 1142 1944 intendissent,
1159 1889 1217 1930 non
1237 1889 1291 1950 per
1312 1891 1350 1930 se

247 1957 302 2036 ipsi
313 1957 432 2035 quidem
446 1959 528 2018 initio
545 1960 601 2019 sed
615 1979 667 2039 par
686 1979 763 2039 quos
784 1963 906 2022 manime
920 1979 985 2021 sese
1003 1965 1147 2044 putabant
1160 1961 1348 2034 latituros‚-·

247 2047 427 2109 accusenim
441 2053 543 2130 otim
555 2062 587 2114 et
597 2053 780 2126 meministis,
794 2055 893 2134 primis
907 2054 963 2116 illis
976 2056 1156 2134 temporibus
1171 2053 1271 2112 clrebna
1282 2052 1346 2112 sere

248 2140 372 2219 iugalis
384 2159 431 2200 me
449 2143 481 2201 ia
489 2143 634 2223 judicium
654 2147 761 2218 uocari,
776 2157 806 2206 et
819 2162 913 2224 neque
933 2147 1087 2206 amentiam
1108 2143 1228 2204 Sosiclis
1249 2163 1346 2222 neque

247 2233 422 2297 alumniam
442 2233 614 2296 Philocratis
634 2256 729 2316 neque
747 2237 874 2296 Diondee
896 2250 926 2297 et
948 2237 1071 2298 Melanii
1090 2236 1231 2295 insaniam
1251 2249 1347 2313 aeque

246 2321 326 2384 aliud
340 2325 495 2406 quicquam
509 2327 683 2388 intentamm
696 2331 735 2390 ab
748 2329 782 2386 iis
795 2329 914 2406 relinqui
928 2338 1031 2386 eontra
1048 2329 1177 2393 rna-in
1197 2327 1244 2386 his
1257 2328 1345 2406 igitur

246 2420 383 2478 omnibus
403 2422 528 2480 maxime
546 2421 665 2498 quidem
678 2416 800 2479 deorum
816 2419 1033 2489 immortalium,
1048 2418 1154 2478 delude
1165 2425 1262 2478 restro
1275 2417 1345 2501 ulio·

244 2526 368 2589 raraque
381 2512 601 2571 Atheniensium
615 2512 744 2571 omnium
759 2510 901 2571 beneficio
914 2522 1101 2570 conservatus
1115 2528 1190 2571 sum.
1214 2510 1285 2577 ,Nec
1298 2510 1343 2568 ina

233 2596 335 2679 pria:
357 2602 415 2657 hoe
427 2598 551 2657 enimet
570 2618 670 2659 rerum
685 2610 734 2660 est
753 2610 783 2659 et
790 2602 895 2678 juratis
910 2600 1058 2679 judicibus
1078 2610 1109 2659 et
1127 2600 1261 2679 religiose
1275 2618 1342 2681 pru·

182 2754 186 2766 ,
243 2690 445 2750 nuntiantibus
458 2690 689 2751 accommodum.
719 2691 825 2769 ltaque
838 2710 904 2751 cnm
914 2710 960 2751 me
974 2692 1181 2771 perduellionis
1194 2710 1276 2751 ream
1290 2694 1340 2753 ab·

244 2782 394 2844 solveretis
408 2791 439 2841 et
449 2782 580 2860 quintam
592 2782 795 2862 suffragiorum
804 2792 916 2862 partem
926 2786 1145 2844 accusatoribus
1156 2804 1215 2843 nnn
1225 2784 1341 2858 durem,

244 2886 307 2934 mm
321 2873 482 2934 rectissime
502 2892 591 2953 agere
607 2894 657 2934 me
676 2875 905 2955 pronuntiastis:
927 2893 994 2936 cum
1024 2876 1063 2935 de
1083 2866 1191 2936 illicitis
1214 2876 1340 2936 decretis

244 2965 408 3046 postulatus
421 2962 522 3053 effugi,
535 2965 649 3045 legibus
661 2977 860 3028 comeumea
872 2978 903 3028 et
922 2969 1080 3029 decernere
1100 2976 1132 3027 et
1143 2968 1239 3027 dicere
1261 2986 1340 3029 oom-

106 3125 112 3131 ,
244 3058 343 3138 pertua
356 3066 422 3120 aura
436 3078 444 3117 t
471 3076 538 3118 cum
552 3061 678 3120 rationes
690 3080 772 3120 meas
786 3063 992 3140 comprobatas
1005 3060 1208 3139 obsignaretis,
1218 3058 1299 3138 juste
1310 3070 1341 3119 et

235 3150 411 3230 intonante
424 3168 444 3209 a
456 3168 503 3209 me
515 3162 582 3209 acta
596 3169 663 3210 esre
674 3152 913 3210 omniaconlcssi
926 3151 1007 3209 estis.

284 3247 334 3301 75.
350 3242 595 3320 Cumhoecigitur
604 3242 645 3300 ita
654 3260 688 3301 se
694 3242 832 3313 habeant,
843 3240 922 3319 quod
934 3242 1125 3300 conueniebat
1134 3250 1185 3299 aut
1193 3242 1339 3319 quoscum

245 3354 361 3413 oeqnnm
369 3345 431 3394 erat
442 3336 529 3393 rebus
541 3352 560 3391 a
572 3352 619 3393 me
629 3334 720 3411 gestis
729 3334 878 3413 imponere
889 3334 1109 3417 Ctesiphontem
1118 3352 1234 3406 nomen,
1244 3351 1339 3415 nonne

244 3428 276 3485 id
287 3427 368 3503 quod
382 3424 522 3504 populum
542 3425 661 3486 ridebat
673 3426 854 3508 imposuisse,
872 3444 930 3485 non
948 3424 979 3484 id
1000 3425 1077 3505 quod
1092 3424 1205 3504 juratos
1215 3425 1337 3505 judices,

245 3534 305 3575 aon
318 3514 347 3573 iri
362 3516 442 3593 quod
454 3517 606 3577 veritatem
621 3518 701 3597 apud
714 3508 817 3577 ornn'es
828 3514 961 3577 certam!
1002 3516 1095 3601 lmmo
1109 3516 1213 3595 inquit,
1232 3518 1285 3575 sed
1305 3516 1337 3577 il·

244 3610 298 3671 tud
315 3608 439 3687 Cephali
452 3610 635 3687 preclarum,
649 3611 732 3670 nullo
750 3626 880 3687 unquam
902 3626 968 3668 eum
977 3608 1090 3684 judicio
1108 3608 1259 3687 postulati.
1296 3607 1337 3667 lit

244 3700 412 3761 mehercule
420 3698 599 3761 fortunatum
609 3721 737 3781 qnoque.
777 3700 839 3760 Sed
849 3700 899 3779 qul
912 3700 1007 3781 magis
1020 3700 1081 3770 ille,
1095 3700 1145 3779 qni
1159 3718 1236 3778 sepe
1249 3698 1280 3757 ia
1289 3698 1336 3777 jn-

243 3789 353 3852 dicium
365 3800 499 3865 vocatus,
518 3812 669 3871 nunqnam
687 3792 774 3852 ullius
795 3794 922 3853 oriminis
939 3793 1091 3854 convictus
1113 3792 1160 3864 sit,
1180 3792 1290 3852 idcirco
1307 3792 1336 3851 in

243 3884 333 3963 culpa
341 3888 407 3958 jure
418 3881 684 3961 sueritponendns?
722 3886 899 3961 Quanquam
912 3886 991 3965 quod
1005 3884 1043 3945 ad
1056 3884 1143 3943 istum
1162 3883 1279 3963 quidem
1292 3892 1336 3942 at-

242 3978 327 4049 tinet,
338 3974 543 4044 Athenienses,
559 3974 648 4033 eliam
664 3972 739 4032 illud
759 3974 881 4053 Cephali
897 3977 1067 4056 preclarum
1081 3976 1151 4036 milri
1164 3976 1202 4035 de
1217 3980 1353 4035 memet.

243 4066 309 4146 ipso
331 4066 489 4148 predicare
506 4064 587 4125 licet.
613 4064 733 4125 llollam
746 4068 824 4126 enim
838 4086 966 4147 unquam
980 4070 1010 4128 in
1025 4086 1072 4129 me
1083 4079 1136 4130 aut
1147 4068 1274 4128 institnit
1283 4078 1335 4127 ant

242 4166 415 4233 prosecutus
429 4164 476 4217 cst
487 4156 642 4229 actionem,
660 4155 759 4235 itaque
771 4167 824 4218 tua
840 4160 958 4239 quidem
978 4160 1162 4221 confessione
1174 4158 1267 4219 nihilo
1279 4176 1335 4239 ego

245 4245 376 4323 Cephalo
389 4247 516 4309 deterior
523 4248 596 4308 ciria
609 4264 685 4307 sum.
712 4298 718 4305 .

267 4338 334 4403 ,lh
352 4338 429 4401 Cam
442 4340 541 4403 multis
553 4340 642 4421 iginii
653 4342 791 4405 rarebus
812 4342 993 4424 iniquitatem
1003 4340 1161 4423 quitillim
1172 4351 1204 4404 at
1215 4340 1334 4405 livorem
