2934 5000
352 341 408 401 DE
430 339 554 402 MALE*
569 339 701 402 GESTA
726 333 972 401 LEGATIONE
1054 338 1063 362 ⁸
1153 345 1213 400 tel

11 501 12 538 l
116 497 218 556 multis
236 495 522 576 pollicitationibus
513 507 689 602 inpetraret.
732 496 806 555 Ne
797 495 889 574 igitur
911 495 977 554 hue
997 513 1063 572 que
1081 494 1149 554 dico
1160 515 1214 574 pa·

116 589 178 648 lam
199 590 311 660 fierent,
332 601 484 694 propterea
503 592 618 650 censuit
635 589 678 649 eis
705 607 850 666 nusquam
871 607 939 646 esse
957 587 1144 675 abeundum
1166 588 1214 646 isti

114 689 213 739 autern
225 682 253 739 si
263 681 365 740 omnia
376 683 627 759 gratificabsntur,
637 701 704 740 cum
717 679 923 750 ostentatione,
936 680 992 737 et'
984 678 1092 756 insigni
1112 693 1214 737 assen-

114 771 235 831 tatione.
257 773 365 833 Verum
379 773 520 831 arborum
533 773 660 832 omnium
672 772 891 843 convincentur,
904 769 1125 848 consumptione
1137 781 1213 829 tem·

113 883 183 941 pus,
198 862 365 942 neglexisse
382 863 544 936 Thraciam,
559 863 631 922 nihil
654 883 691 922 ex
711 863 836 922 decretis
858 862 952 940 egisse
972 863 1088 930 vestris,
1111 871 1213 921 auteur

114 953 238 1014 utilitate
249 954 429 1032 reipublicae,
441 954 519 1014 suisa
532 955 590 1016 huc
603 955 803 1023 renunciasse,
816 953 867 1032 qui
880 963 1006 1032 possunt
1018 954 1065 1014 isti
1078 973 1097 1013 a
1108 954 1212 1014 corda-

113 1045 154 1105 tis
163 1045 313 1120 judicibus
323 1055 357 1104 et
368 1045 509 1124 religiosis
522 1046 688 1105 conseruari
698 1045 710 1102 l
721 1045 796 1113 Quas
809 1055 842 1104 ut
854 1064 874 1103 a
885 1063 933 1102 me
942 1065 1009 1104 vere
1019 1046 1077 1104 dici
1090 1059 1214 1122 metet,

114 1136 205 1194 recita
218 1137 342 1212 primunr
360 1136 520 1206 decretum,
535 1155 595 1214 quo
608 1145 696 1214 pecto
710 1135 794 1195 nobis
817 1135 904 1194 fuerit
926 1137 1102 1214 exigendum
1117 1141 1213 1220 jusju-

113 1226 257 1286 rendum:
280 1226 384 1287 deinde
396 1227 494 1288 literae
508 1227 656 1308 Philippi:
676 1239 753 1306 post,
767 1227 940 1288 Philocratis
954 1228 1122 1290 decretum:
1143 1251 1212 1291 mox

113 1318 311 1396 plebiscitum.

339 1487 584 1559 DECRETUM.
606 1499 779 1560 LlTERAE.
801 1499 1005 1558 Decumi.

111 1653 134 1714 J
138 1673 185 1714 am
199 1665 232 1717 ut
244 1668 384 1737 apparent
394 1677 450 1718 nos
464 1659 592 1738 pomae
608 1657 775 1737 Philippum
790 1659 820 1716 in
842 1655 1034 1735 Hellesponto
1050 1656 1213 1736 deprehen·

114 1745 196 1818 dere,
211 1747 235 1806 si
249 1747 313 1824 quis
326 1748 393 1808 mihi
407 1750 564 1828 paruisset,
579 1761 610 1809 et
627 1759 726 1809 vestra
748 1748 888 1813 mandata
909 1758 1067 1814 exsecutus
1078 1761 1162 1813 esset
1176 1771 1213 1812 ex

114 1835 252 1911 decretis,
267 1859 341 1902 roca
351 1851 440 1908 testes
454 1843 505 1922 qui
518 1842 575 1902 illic
590 1841 759 1904 adiuenrnt.

587 2055 750 2114 TESTFS.

106 2185 223 2254 'Recita
235 2201 266 2256 st
279 2195 401 2254 alterum
415 2195 613 2254 testimonium
617 2193 708 2276 ,quid
726 2193 845 2258 Euclidi
866 2205 936 2274 post
954 2197 1087 2276 prolecto
1102 2197 1213 2276 Philip·

116 2301 174 2362 pus
187 2284 377 2366 responderit.
490 2363 494 2370 .
1239 2311 1245 2322 ·

516 2441 826 2504 TESTIMONIUM.

125 2638 129 2645 ·
156 2604 206 2661 48.
228 2602 290 2662 Eos
303 2602 391 2681 igitur
404 2622 459 2663 nec
481 2604 594 2665 inficias
613 2606 654 2664 ire
671 2624 766 2683 posse,
780 2598 851 2684 huin
866 2604 916 2665 illa
927 2622 981 2683 pru
994 2604 1130 2683 Philippo
1141 2624 1212 2683 ege-

113 2695 181 2764 rint,
195 2716 233 2754 ex
247 2715 292 2755 me
305 2696 415 2757 audite.
458 2698 534 2755 Cum
548 2698 644 2776 priore
665 2698 811 2776 legatione
828 2696 952 2777 proiecti
973 2715 1075 2757 surnus
1088 2696 1125 2755 de
1139 2716 1214 2776 pace

81 2786 260 2861 'furienda,
286 2808 338 2848 vos
364 2790 588 2849 caduceatorem
613 2790 796 2868 proemisistis
813 2788 862 2849 cd
888 2788 1099 2868 impetrandam
1121 2788 1212 2847 fldem

106 2879 271 2958 publicam,
311 2880 387 2940 Tum
409 2880 507 2959 igitur,
534 2892 568 2940 ut
588 2881 711 2961 primum
735 2882 846 2941 Oreum
865 2892 1020 2952 venerunt,
1034 2900 1093 2939 non
1108 2898 1212 2958 exspe-

113 2971 487 3043 ctarunt-caduceatorem,
501 2992 597 3051 neque
610 2972 701 3032 uilem
723 2992 835 3031 moram
856 2972 1003 3043 lecerunt,
1015 2972 1066 3029 sed
1081 2971 1213 3049 quumvis

114 3063 189 3121 Alos
198 3062 391 3133 obsideretur,
397 3072 499 3121 tamen
510 3083 545 3121 eo
554 3065 740 3140 trajecerunt,
750 3074 780 3122 et
794 3082 894 3122 rursus
908 3062 978 3121 inde
991 3063 1030 3122 sd
1042 3062 1212 3122 Parmenio-

114 3172 195 3223 nem,
209 3152 260 3229 qui
273 3152 410 3230 oppidum
425 3153 590 3223 obsidebat,
603 3154 712 3231 egressi
726 3172 780 3231 per
792 3153 929 3212 hostilem
943 3154 1101 3212 exercitum
1112 3154 1211 3232 Paga·

117 3262 166 3304 aas
182 3243 325 3312 abierunt,
340 3254 369 3301 et
382 3244 538 3323 progressi,
557 3244 742 3303 caduceatori
765 3244 892 3304 Larissae
914 3254 1115 3313 occurrerunt,
1129 3253 1212 3307 tanto

110 3334 213 3396 studio
235 3344 266 3393 et
286 3332 437 3393 alacritate
459 3346 520 3393 turn
533 3336 802 3412 proficiscebantur.
830 3335 923 3393 (lum
933 3344 1035 3392 autern
1046 3350 1109 3411 pax
1122 3345 1212 3407 esset,

114 3438 145 3488 et
159 3426 222 3487 sine
245 3426 323 3485 omni
342 3424 472 3504 periculo
492 3426 538 3485 ire
559 3426 669 3496 liceret,
683 3436 714 3485 et
727 3446 746 3485 a
757 3428 841 3485 vobis
855 3424 1027 3505 properandi
1039 3424 1212 3485 rnenrlsturu

111 3520 266 3590 haberent,
277 3526 342 3578 tum
356 3538 412 3578 nec
426 3520 480 3578 iter
493 3518 668 3589 accelerare,
689 3538 745 3578 nec
766 3518 949 3597 navigarein
963 3528 1091 3577 mentem
1105 3520 1147 3578 eis
1161 3539 1211 3579 va-

113 3612 167 3671 nit.
209 3610 272 3671 Cur
282 3610 404 3670 candem
413 3610 526 3679 t'Quia
537 3620 598 3669 turn
621 3628 638 3669 e
659 3629 691 3669 re
701 3609 844 3689 'Philippi'
853 3620 924 3681 erat,
938 3628 1042 3689 pacem
1052 3630 1140 3689 qnam
1154 3612 1213 3691 pri·

112 3722 195 3765 mum
208 3700 288 3763 fieri.
308 3720 347 3761 eo
366 3722 436 3763 vero
449 3713 590 3781 tempore,
604 3720 713 3761 moram
735 3722 824 3781 quam
841 3700 1065 3781 longissimam
1057 3702 1211 3781 interponi,

109 3794 282 3875 priusquam
291 3792 497 3873 jusjurandum
509 3792 684 3873 exigeretur
727 3793 788 3853 Sed
800 3802 834 3852 ut
846 3802 879 3853 et
890 3792 961 3854 hoec
972 3812 1042 3876 rere
1055 3813 1074 3853 a
1085 3812 1133 3859 me
1152 3790 1212 3849 orei·

110 3896 239 3959 constet,
254 3887 342 3949 etium
356 3886 413 3947 hoc
427 3904 500 3967 cepe
512 3884 721 3951 testimonium

511 4086 822 4150 rusulnromunt.

115 4240 163 4300 h
180 4242 268 4321 igitur
285 4241 351 4301 lieri
369 4252 476 4322 potest,
492 4254 531 4303 ert
550 4243 602 4301 ulli
619 4243 753 4303 homines
775 4242 870 4318 uagis
887 4239 1018 4299 convinci
1038 4241 1162 4317 possint,
1177 4266 1210 4306 se

108 4330 211 4401 onie
228 4353 283 4417 prs
303 4333 439 4419 Philippo
459 4352 560 4415 agere,
581 4332 743 4489 qmgnsqui
761 4332 794 4391 iu
816 4330 922 4391 eodem
942 4329 1056 4401 itinere,
1071 4348 1141 4417 eum·
1153 4356 1210 4415 pro
