2934 5000
257 312 317 372 460
507 256 676 370 cortina
699 294 1053 366 nutsTuutrortEm
1076 296 1100 356 1.

688 571 931 634 DECRETUM.

307 721 356 779 14.
377 716 417 777 Et
429 713 621 795 noupudeat,
634 713 838 784 Athenienses,
851 729 919 771 cum
938 707 1071 768 hominen
1088 713 1207 785 propter
1223 701 1376 781 improbi-

264 822 356 872 tatem
370 821 401 870 et
412 809 575 869 t'oediasima
583 807 714 867 meinata
722 803 849 885 conjecti
862 804 892 862 in
905 818 1063 872 carcerem,
1071 809 1153 859 tauto
1166 799 1258 857 lotum
1270 815 1306 856 ae
1317 797 1377 854 im·

266 903 429 981 probiorem
443 919 511 959 erae
530 898 676 969 duxerint,
690 908 725 957 ut
738 914 816 976 aqua
828 905 859 956 et
878 893 939 974 igni
958 888 1171 958 interdixerint,
1191 888 1216 946 ai
1239 905 1295 946 roa
1319 905 1375 944 ex-

266 993 385 1074 pulaum
399 1009 466 1050 eum
480 990 595 1070 legibue
614 1009 652 1048 ex
666 987 817 1069 republica
837 985 867 1046 in
881 993 1011 1044 veatnrm
1026 998 1179 1040 numerum
1198 976 1376 1068 recipietis?

269 1084 357 1152 Quod
368 1084 431 1164 ejua
444 1081 571 1156 lacinus,
583 1093 671 1161 quam
680 1080 750 1139 uitur
762 1077 903 1138 rationem
912 1070 1090 1136 laudabilia?
1112 1071 1255 1150 Autquid
1269 1071 1375 1150 potina

269 1175 400 1236 omnium
421 1191 480 1232 nou
500 1193 578 1253 egre
602 1171 723 1233 teretia?
752 1169 860 1230 Nonne
880 1169 985 1247 impios
1007 1165 1073 1228 catl
1093 1165 1200 1224 Nonne
1220 1161 1374 1224 crudelia!
1433 1195 1434 1198 =

271 1263 382 1326 Nonne
396 1262 546 1346 impurual
568 1262 676 1323 Nonne
694 1259 910 1323 calumniatori
931 1259 971 1318 Et
988 1269 1087 1318 tamea
1104 1255 1171 1315 talia
1185 1273 1256 1314 curn
1276 1255 1328 1324 ait,
1343 1265 1375 1312 et

270 1357 344 1418 talia
355 1357 501 1434 designet,
515 1356 545 1414 in
564 1355 701 1414 omnibu·
713 1373 828 1432 temper
841 1350 1032 1412 concionibus
1045 1349 1187 1419 clamitat,
1209 1365 1268 1425 ego
1289 1346 1374 1406 solur

272 1447 371 1509 adbuc
394 1448 476 1508 vobit
501 1447 578 1506 bene
598 1445 701 1526 cupio:
721 1443 823 1504 omnen
842 1443 890 1502 icti
909 1441 1131 1521 conspirarunt:
1151 1439 1261 1520 proditi
1281 1439 1374 1498 eatis:

273 1539 340 1600 nola
350 1557 417 1598 mea
425 1537 630 1598 benevolentia
641 1548 688 1596 eat
701 1535 823 1614 rdiqua.
849 1533 998 1612 Inquiraor
1010 1543 1107 1592 autem
1121 1532 1152 1591 in
1164 1530 1375 1602 ,vehementem

274 1627 363 1690 irtam
383 1623 448 1708 ejur¹
462 1637 494 1689 et
504 1628 653 1706 ingentem
669 1623 914 1695 benevolentiam,
927 1621 1007 1682 unde
1019 1642 1057 1695 ea
1069 1625 1117 1694 ait,
1131 1630 1162 1682 et
1170 1621 1251 1680 unde
1272 1640 1376 1682 revera

276 1733 372 1781 ortum
385 1719 512 1792 duxerit,
524 1728 559 1779 ut
571 1718 596 1778 ei
609 1727 656 1777 ert
668 1717 748 1791 talia,
766 1737 803 1777 ea
819 1715 941 1780 utamini
959 1724 992 1775 et
1011 1714 1077 1774 freti
1091 1714 1174 1774 sitia:
1194 1713 1240 1774 ain
1265 1714 1375 1785 minua,

276 1812 321 1872 uti
334 1812 473 1874 carentia
495 1809 637 1888 Nunquid
649 1809 730 1882 inde,
742 1807 824 1886 quod
836 1817 949 1886 patrem
962 1805 1026 1886 ejur
1039 1806 1141 1890 capitis
1155 1805 1332 1874 damnantis,
1348 1816 1377 1866 et
1444 1788 1445 1824 ¹

276 1913 399 1982 matrem
418 1901 482 1981 ejur
495 1901 656 1961 convictam
670 1899 796 1959 decerta
810 1898 954 1959 clientelae
974 1897 1155 1968 vendidistia.
1176 1896 1378 1978 proptenbee

277 2011 346 2053 eum
362 1993 443 2052 rubia
464 1993 539 2051 bene
559 1991 634 2072 uelle
653 1989 843 2050 existimatio?
864 1991 906 2050 At
925 1991 992 2063 lroc,
1014 1990 1056 2050 ita
1074 2009 1121 2050 me
1141 1989 1258 2080 Jupiter
1277 1989 1379 2070 diuite

1435 1310 1439 1442 l

279 2101 382 2143 omnes
395 2095 504 2151 ament,
518 2081 679 2141 absurdum
692 2092 748 2143 eat.
778 2082 855 2142 Nam
870 2082 895 2141 si
908 2081 964 2140 illia
977 2081 1052 2141 bene
1064 2077 1155 2161 ‘cupit
1168 2091 1199 2140 et
1210 2080 1311 2158 legem
1325 2099 1380 2140 na·
1448 2064 1450 2144 i

283 2184 355 2234 rura
369 2184 477 2245 tuetur,
491 2193 558 2252 qum
571 2193 632 2234 uua
643 2185 673 2236 et
683 2173 852 2235 bominibus
866 2173 977 2235 otieris
991 2193 1028 2233 ex
1045 2193 1132 2250 aequo
1145 2184 1191 2234 ert
1203 2175 1331 2244 sancita,
1347 2184 1381 2231 ut
1450 2200 1451 2204 ¹

282 2265 561 2346 parenterdiligaut,
568 2265 646 2327 male
658 2266 720 2326 vult
729 2267 775 2339 iia,
788 2266 838 2345 qui
849 2267 915 2326 illoc
928 2275 1124 2346 peremerunt.
1147 2265 1280 2345 Apparet
1289 2265 1380 2344 igion
1451 2268 1452 2284 ¹

281 2357 388 2420 eodem
401 2375 467 2417 eree
478 2358 576 2417 auimo
589 2367 621 2417 et
632 2356 663 2416 iu
681 2357 775 2438 leger,
789 2357 820 2417 et
831 2357 861 2415 in
872 2351 1078 2436 rem'publicam
1095 2356 1230 2416 illorum:
1251 2356 1299 2416 sin
1313 2357 1382 2416 nul·

283 2451 344 2513 latu
356 2449 461 2509 borum
473 2449 617 2511 rationem
629 2447 721 2521 ducit,
742 2467 882 2529 perquam
900 2449 977 2510 scire
991 2449 1086 2521 velim,
1106 2448 1171 2528 quia
1188 2468 1267 2523 eum,
1290 2469 1381 2531 quem

282 2541 516 2624 benevolentiam
530 2542 560 2600 in
574 2551 710 2621 parentes
723 2542 868 2621 abjecisse
881 2541 1003 2613 rideret,
1017 2560 1054 2601 ea
1066 2560 1131 2601 esee
1141 2540 1308 2620 preditum,
1320 2562 1383 2621 qna

284 2654 318 2694 ee
341 2632 482 2714 populum
496 2650 576 2692 nuuc
589 2632 724 2711 prosequi
734 2632 838 2711 jactat,
852 2632 994 2693 crederet.
1028 2632 1171 2711 Equidem
1190 2632 1301 2694 adduci
1320 2654 1381 2695 uon

284 2744 416 2805 porrum¹
426 2734 458 2785 et
469 2724 525 2785 diia
538 2723 663 2783 invirum
677 2742 736 2781 nou
750 2722 1026 2794 modobominibue,
1039 2742 1105 2784 eum
1115 2743 1180 2784 este
1193 2734 1275 2805 puto,
1289 2746 1309 2785 a
1321 2746 1381 2805 quo

285 2826 421 2896 parentas
433 2814 632 2894 negligantur.
667 2814 707 2874 At
719 2813 839 2875 hercule
853 2816 933 2893 quod
955 2815 1019 2889 ejus
1033 2814 1194 2876 delationes
1208 2816 1383 2891 damnantia,

284 2908 367 2986 quod
380 2906 425 2967 bia
445 2907 476 2965 iu
495 2924 642 2965 carcerem
660 2906 838 2985 conjecistis,
853 2914 883 2965 et
900 2906 1006 2986 iprum,
1028 2915 1060 2965 et
1076 2906 1203 2978 fratrem,
1223 2920 1383 2987 propterea

287 2998 372 3058 robia
381 2997 457 3058 bene
469 2994 572 3073 eupit?
593 2994 653 3055 Sed
667 3005 699 3053 et
709 2994 766 3054 boc
776 2996 936 3056 absurdum
950 3008 1004 3057 eat.
1026 2998 1166 3075 Aequod
1180 2999 1385 3077 magistratum

230 3125 232 3130 ·
287 3090 339 3167 qui
353 3088 381 3146 ei
393 3086 843 3166 rorteobveneraaabrognrirt
865 3090 915 3147 An
925 3089 1004 3169 quod
1015 3088 1187 3149 violatamm
1198 3091 1299 3170 legum
1310 3112 1385 3153 cou-

288 3177 470 3241 demoaetial
490 3177 536 3237 An
549 3178 630 3256 quod
643 3178 774 3257 quinque
786 3178 904 3239 talentis
916 3180 1100 3241 mulctastirl
1123 3183 1174 3241 An
1187 3183 1267 3262 quod
1284 3184 1387 3265 digitis

183 3351 190 3357 .
288 3292 358 3333 eum
370 3270 549 3345 monstratio,
563 3290 630 3331 cum
648 3281 811 3330 monstrare
831 3272 918 3332 rultio
938 3272 1069 3332 omnium
1090 3274 1256 3334 mortalium
1276 3275 1387 3357 impro-

288 3364 464 3427 bisaimuml
486 3364 534 3423 An
547 3362 627 3441 quod
640 3362 727 3423 aalria
747 3362 872 3441 legibus,
892 3374 923 3425 et
935 3366 1086 3445 republica
1105 3366 1252 3441 incolumi,
1266 3368 1324 3431 bac
1342 3372 1388 3452 ig-

287 3456 420 3523 nominia
440 3455 555 3515 liberari
571 3454 654 3515 nullo
670 3454 758 3513 modo
772 3455 891 3533 potest?
919 3456 980 3515 Cur
1000 3456 1119 3517 tandem
1133 3458 1215 3518 vobit
1234 3460 1290 3521 iate
1310 3464 1388 3525 bene

289 3547 394 3624 cupit?
414 3546 504 3614 Quod
517 3564 550 3605 ae
563 3546 764 3625 impudentem
785 3566 852 3606 ecee
866 3546 992 3610 lateturl
1013 3550 1053 3609 At
1066 3548 1219 3629 impudenr
1232 3570 1268 3611 ex
1283 3572 1344 3632 qua
1355 3576 1389 3616 re

219 3650 227 3661 '
291 3638 352 3697 alia
371 3656 479 3697 nomeu
491 3639 679 3710 eataortitue,
699 3638 755 3698 nini
775 3638 865 3719 quod,
886 3660 955 3719 quoe
972 3660 1068 3720 neque
1089 3654 1168 3715 aunt,
1188 3662 1284 3721 neque
1306 3647 1391 3709 sacta

292 3739 373 3801 runt,
381 3748 419 3789 ea
430 3728 528 3789 dicere
539 3729 637 3803 audet,
650 3742 770 3810 propter
782 3731 1003 3811 impudentiam,
1019 3733 1048 3791 id
1058 3734 1137 3813 qnod
1146 3735 1203 3795 iate
1215 3735 1307 3796 facit?

183 3827 188 3835 “
330 3824 385 3911 16.
404 3821 473 3885 tam
487 3838 555 3899 quar
568 3819 599 3881 in
612 3823 800 3883 accuratione
814 3823 884 3883 mihi
898 3826 1115 3902 pretermittere
1129 3826 1208 3887 mana
1219 3836 1266 3887 eat
1279 3828 1392 3907 Lycur·

95 3990 99 4006 ι
167 3965 170 3969 1
293 3935 360 3995 gua,
373 3913 504 3975 eavobia
518 3921 639 3991 prreatat
660 3932 816 3993 exponere.
847 3916 979 3976 Arbitror
995 3918 1072 3976 enirn
1093 3926 1226 3997 oportere
1243 3938 1307 3994 roa,
1321 3933 1392 3983 tan·

294 4025 383 4087 qoam
396 4006 422 4066 ri
434 4003 473 4064 de
485 4004 598 4083 privato
610 4004 709 4083 aliquo
723 4004 823 4067 debito
835 4018 933 4068 vestro
955 4017 1100 4088 ageretur,
1118 4009 1162 4070 ric
1180 4010 1211 4069 in
1233 4010 1322 4071 iatum
1344 4014 1392 4073 in-

293 4098 417 4176 quirere,
431 4095 505 4156 etin
518 4114 617 4159 cauata
634 4096 722 4175 hujus
735 4098 914 4177 equitatem.
936 4100 968 4157 Si
982 4100 1047 4177 quia
1062 4099 1150 4179 igitur
1165 4103 1321 4181 pecuniam
1335 4106 1389 4167 de-

293 4192 365 4250 bere
377 4189 504 4267 aliquem
518 4190 727 4261 criminaretur,
742 4188 767 4247 ia
788 4209 856 4251 uero
870 4202 999 4271 negaret,
1009 4206 1012 4213 ·
1022 4191 1046 4251 ri
1060 4192 1256 4272 proferrentur
1269 4198 1390 4273 tabulre,

297 4280 547 4360 necandumque·
561 4290 709 4341 mutuatur
723 4292 813 4355 earet,
827 4292 858 4342 et
869 4283 950 4343 affixi
964 4295 1061 4344 eruent
1072 4284 1173 4359 libelli,
1187 4306 1253 4346 eum
1267 4292 1318 4369 qui
1337 4312 1390 4351 ne-

297 4370 502 4485 cmblttfiqut
522 4372 720 4483 iutpudeutem
732 4374 891 4475 putaretir:
912 4376 957 4438 rin
975 4376 1038 4439 haec
1060 4376 1175 4441 sublata
1195 4391 1302 4457 meent,
1322 4404 1390 4459 aum
