2934 5000
289 311 292 314 ⁴
392 233 451 294 ua
470 233 585 296 ιιιιι
606 233 738 296 unsre
759 233 1014 315 auerrione,
1116 237 1142 254 ·†
1185 237 1243 294 eeu

144 382 399 463 munchen
412 387 496 448 robis
514 385 676 448 orationem
697 388 877 461 recensebat,
891 403 980 466 qoam
1001 405 1034 446 ae
1048 396 1151 458 contre
1164 383 1244 447 The·
1346 443 1350 450 .

145 477 241 537 huus
260 476 341 556 apud
363 466 529 557 Philippum
540 479 685 546 habuisse
699 478 819 552 diceret,
833 488 865 539 et
877 478 976 559 nepita
993 477 1075 538 robis
1088 478 1242 556 referebat,
1297 523 1300 530 .

143 571 442 643 etcommemorabat,
456 590 491 632 se
508 570 540 633 id
557 584 613 632 suu
631 569 767 632 effecbue
790 567 948 650 legffetiuue,
961 579 995 628 ut
1015 569 1091 631 intra
1109 569 1243 643 biduum,

144 668 199 720 eut
209 660 349 732 triduum,
362 661 477 724 sidoni
490 663 656 735 munereris,
665 672 697 722 et
709 661 932 732 nonmoveretis
945 661 1066 734 bellum,
1081 679 1178 740 neque
1191 681 1242 720 vn-

142 749 188 810 b'ss
201 751 258 830 ipsi
270 752 420 831 negotium
438 752 633 824 lacesseretis,
645 753 772 814 audituri
790 755 894 817 essetis
904 763 935 815 et
944 752 1061 814 Thebae
1081 752 1159 812 solas
1173 752 1241 812 abs·

142 833 203 920 que
220 843 335 922 relique
346 843 462 908 Boeotia
473 845 612 922 obsideri,
630 855 660 904 et
676 845 817 924 'lhespins
834 855 921 925 atque
934 844 1063 904 Placen
1077 843 1242 922 instaurari,

143 943 177 995 et
189 934 320 1014 Apollini
333 937 488 1013 pecuniam
505 936 593 1007 solui,
607 955 669 996 non
688 956 706 999 a
727 936 942 1008 Phocensibus‚
966 935 1020 995 sed
1039 935 1058 994 a
1081 933 1241 1006 Thebanis,

141 1027 197 1104 qui
208 1037 342 1090 uectores
352 1025 478 1094 sonunt
487 1027 589 1108 templi
598 1028 772 1107 occupeudi.
788 1027 827 1089 Se
835 1027 911 1088 enim
920 1027 1055 1096 docuisse
1064 1024 1241 1106 Philippum,
1321 1099 1330 1114 .

140 1117 237 1178 nihilo
250 1117 409 1198 deliquisse
419 1120 515 1186 miuus
528 1139 581 1181 eos
599 1120 651 1200 qui
663 1120 760 1182 secere
772 1121 963 1199 cogitassent,
974 1136 1062 1196 quam
1075 1117 1126 1194 qui
1138 1135 1241 1176 munus

142 1207 330 1279 intulmsentr
343 1223 556 1292 proptereaque
565 1231 599 1274 se
608 1212 804 1292 proscriptum
811 1229 905 1272 essue
918 1206 1082 1269 Thebanis.
1097 1205 1176 1275 Quin
1187 1227 1240 1278 eu,-

138 1300 250 1362 divisse
262 1321 307 1374 se,
319 1313 352 1364 et
362 1303 569 1376 Euboeensium
582 1303 727 1382 quosdam
741 1304 856 1367 territos
869 1311 900 1362 et
910 1300 1105 1380 perturbatos,
1119 1307 1237 1378 propter

139 1391 381 1468 cunjunctionem
388 1393 469 1458 luter
489 1394 655 1474 Philippum
675 1404 707 1463 et
727 1394 830 1453 urbem
845 1385 1041 1459 conciliatam,
1056 1390 1106 1473 qui
1119 1389 1150 1449 iu
1163 1390 1240 1450 hanc

138 1481 319 1543 euenum
331 1485 420 1545 verba
432 1483 580 1558 fecissent,
593 1505 653 1547 non
665 1483 797 1561 preterit
808 1501 875 1552 nos,
884 1480 985 1558 legati,
999 1478 1104 1556 quibus
1117 1479 1241 1538 conditi-

142 1570 250 1630 ombus
262 1589 366 1648 pacem
379 1569 507 1632 feceritis
517 1592 585 1633 cum
600 1573 747 1653 Philippo,
761 1591 857 1650 neque
877 1569 1055 1649 ignoramus,
1068 1588 1121 1629 vos
1134 1568 1176 1658 illi
1189 1569 1240 1630 de-

139 1661 223 1722 disse
231 1662 439 1742 Amphipolim,
453 1664 619 1744 Philippum
628 1675 726 1725 autem
740 1655 918 1743 promisisse,
925 1662 1100 1723 traditurum
1114 1663 1239 1730 scrobis

140 1753 294 1814 Euboeum.
327 1755 425 1834 Atque
440 1754 521 1816 uliud
544 1755 632 1816 etiam
652 1775 686 1817 ae
708 1773 891 1836 procurasse,
905 1754 958 1816 sed
971 1752 1103 1815 nondum
1118 1754 1149 1815 id
1162 1755 1237 1816 velle
1341 1836 1345 1842 Ι

136 1843 247 1919 dicere,
258 1847 403 1924 quosdam
412 1842 648 1928 emmecollegrs
653 1846 856 1928 Jamrnvrdere
866 1847 932 1908 srhr
948 1847 998 1908 Sic
1007 1857 1107 1910 autem
1115 1848 1239 1910 obscure

141 1945 179 1996 et
185 1945 264 1998 tecte
277 1936 410 2017 Oropum
418 1937 567 2001 imuebue

182 2028 214 2085 9.
235 2027 314 2088 Cum
324 2048 394 2089 vero
407 2040 525 2108 propter
537 2029 602 2090 hmo
613 2031 819 2102 celebraretur,
828 2049 895 2092 cum
909 2041 940 2092 et
951 2041 1050 2116 orator
1063 2033 1201 2111 optimus,
1209 2041 1240 2094 et

139 2118 185 2177 uir
194 2118 371 2180 admirabilis
382 2119 546 2192 haberetur,
556 2122 828 2200 descenditmagna
839 2141 907 2184 oum
920 2123 1083 2200 majestate.
1098 2123 1162 2204 Ego
1171 2142 1238 2188 uero

76 2223 83 2228 '
132 2219 178 2298 *ut
188 2211 313 2290 surrexi,
325 2221 357 2272 et
365 2230 404 2272 ea
415 2213 551 2291 ignom
571 2232 618 2272 me
631 2212 705 2284 dixi,
718 2221 860 2272 eteorum
875 2212 985 2289 aliquid
998 2212 1095 2272 dicere
1109 2233 1174 2272 sum
1187 2231 1237 2274 co·

129 2312 242 2373 nume,
254 2321 321 2380 qum
334 2304 374 2363 ud
388 2314 523 2365 umatum
536 2295 703 2378 retuleram
715 2303 756 2364 ibi
776 2303 850 2372 ulter
870 2304 949 2376 hino,
968 2302 1039 2362 ulter
1057 2301 1138 2363 illinc
1151 2304 1238 2364 assis-

136 2403 218 2464 tens,
235 2393 293 2454 iste
311 2404 343 2453 et
361 2395 556 2469 Philocrates,
573 2394 736 2466 clamitare,
760 2395 960 2464 interturbare,
975 2412 1022 2452 rue
1034 2391 1153 2461 taudem
1167 2395 1236 2456 sub-

139 2504 287 2553 uennsrez
308 2505 361 2547 vus
374 2495 438 2548 oum
457 2486 561 2559 ridere,
575 2494 638 2545 tum
656 2504 754 2563 neque
773 2483 875 2545 audire
895 2483 981 2561 uelle,
1002 2503 1096 2564 neque
1119 2483 1236 2571 credere

137 2596 227 2655 posse
238 2574 307 2651 elie,
316 2597 405 2656 quem
416 2598 483 2657 quae
493 2578 549 2639 iste
557 2578 752 2639 renunciaret.
767 2578 876 2657 Atque,
885 2578 926 2637 ita
935 2598 982 2638 me
992 2577 1033 2653 dii
1042 2578 1118 2637 hene
1128 2588 1237 2653 ament,

134 2668 220 2732 hund
229 2670 267 2729 uh
277 2688 309 2729 re
321 2671 403 2732 vobis
411 2670 443 2731 id
452 2669 586 2731 accidere
597 2669 760 2731 ridebatur.
789 2669 863 2737 Quis
872 2670 947 2734 enim
959 2679 1040 2729 tenta
1054 2679 1085 2729 et
1097 2678 1143 2729 tot
1155 2670 1236 2731 obla·

138 2769 202 2821 tum
215 2762 250 2823 iri
259 2763 341 2824 bonu
351 2761 531 2836 existiment,
544 2762 635 2824 ferret
650 2762 788 2842 aliquem,
803 2762 854 2841 qui
869 2771 920 2837 aut
937 2782 973 2823 ea
985 2760 1067 2821 nulla
1080 2761 1142 2823 fore
1156 2754 1235 2823 dice·

135 2861 194 2926 ret,
212 2864 265 2917 eut
282 2863 351 2917 aeta
367 2854 490 2919 istorum
499 2853 673 2931 corrueret?
694 2854 771 2920 Nam
788 2864 886 2921 cetere
903 2854 1000 2915 omniu
1017 2852 1152 2915 nimirum
1173 2862 1236 2912 turn

134 2942 362 3017 minerbensi,
374 2964 435 3023 prus
455 2947 590 3010 excitetis
611 2946 878 3024 exspectationibus
893 2956 933 3005 'et
956 2965 1022 3027 spe:
1042 2944 1094 3023 qui
1107 2944 1236 3023 refrega-
1259 3010 1262 3019 Δ

132 3035 256 3109 bantur,
270 3036 427 3096 obturbare
441 3036 503 3097 sine
513 3056 614 3111 musa,
623 3037 1021 3111 etobtrcctareuidebautur,
1030 3036 1081 3100 illa
1098 3057 1167 3103 vero
1184 3059 1237 3117 per

87 3201 91 3205 Δ
138 3143 230 3201 quam
239 3125 445 3185 admirabiliter
459 3136 545 3231 utque
559 3128 665 3188 utiliter
679 3130 818 3189 confecta
831 3148 896 3191 esse
910 3129 1088 3208 putabantur
1101 3128 1218 3190 ciuitati.

183 3217 231 3277 10.
253 3214 343 3282 Qua
334 3217 423 3293 igetur
435 3217 531 3295 graue
540 3218 623 3285 robus
645 3219 711 3277 htec
728 3222 823 3299 primo
837 3239 917 3278 nune
937 3219 968 3275 in
986 3218 1154 3275 memoriam
1168 3219 1234 3278 red-

137 3307 198 3393 egi,
211 3317 243 3368 et
259 3310 395 3368 recensui
413 3309 466 3368 bas
489 3308 652 3368 orationes?
681 3308 750 3367 Una
769 3309 806 3368 de
829 3326 929 3377 causa,
944 3326 1036 3385 eaque
1058 3296 1185 3368 munima
1205 3321 1236 3370 et

136 3418 237 3479 poma,
247 3405 290 3460 ut
294 3419 381 3460 nemo
394 3383 535 3473 reustum,
550 3398 577 3459 si
594 3397 666 3477 quid
686 3418 735 3461 me
750 3398 897 3459 dicentem
912 3397 1045 3471 audierit,
1061 3408 1091 3459 et
1104 3410 1172 3461 acte
1185 3420 1233 3465 ec·

136 3500 300 3564 manem,
310 3490 434 3565 diffidet,
444 3490 555 3570 idque
545 3489 678 3569 iniquum
689 3500 720 3551 et
739 3490 938 3573 importunum
950 3498 1122 3571 eseeputct,
1134 3512 1170 3553 ac
1181 3514 1250 3562 cur,

137 3588 200 3643 tum
218 3581 271 3641 ille
290 3600 351 3641 non
364 3581 487 3642 dixerim
504 3580 534 3641 iu
548 3602 580 3642 re
593 3580 743 3665 presenti,
756 3591 787 3641 et
802 3599 852 3643 voe
873 3580 1031 3655 docuerim,
1055 3582 1230 3668 demiretur;

134 3671 191 3733 sed
208 3672 434 3753 pollicitationes
452 3671 575 3734 istorum
597 3672 769 3746 meminerit,
782 3672 887 3753 quibus
910 3672 1031 3759 siugulis
1053 3677 1232 3755 temporibus

137 3772 266 3843 utentes,
278 3765 396 3826 dicendi
409 3765 551 3845 fucultate
563 3764 636 3825 elius
649 3765 853 3837 excludebant,
865 3776 895 3827 et
908 3766 1153 3827 renunciationem
1168 3767 1229 3827 isti-

135 3872 174 3913 us
191 3855 363 3935 preclaram
376 3857 469 3931 illam,
483 3868 517 3917 ut
532 3855 629 3917 susus
646 3868 753 3937 preter
766 3870 863 3921 cetera
875 3858 983 3932 omnia,
997 3858 1085 3919 etiam
1103 3855 1179 3915 hanc
1193 3860 1231 3919 ab

133 3945 281 4027 illo-uobis
294 3950 480 4011 essefactam
487 3949 629 4029 injurium,
640 3950 830 4028 quoduerum
841 3951 939 4013 statim
953 3957 1058 4010 etcum
1068 3966 1144 4025 opus
1159 3959 1230 4023 erat,

128 4036 238 4100 ,audire
255 4039 391 4120 prohibiti
401 4042 484 4116 estis,
499 4041 601 4125 spe'et
617 4041 694 4103 fucis
707 4053 739 4103 et
751 4030 1007 4124 pollicitationibus
1017 4038 1141 4119 decepti.
1166 4038 1246 4101 Pri-2

134 4146 216 4209 mum
228 4130 316 4211 igitur
325 4133 392 4208 huc,
405 4145 437 4197 et
456 4155 493 4197 ea
503 4134 696 4215 potissimum,
710 4154 772 4217 qua
782 4135 851 4207 dixi,
864 4134 955 4213 gretie
972 4132 1035 4191 haec
1052 4150 1229 4212 commemo·

137 4220 209 4281 ravi·
236 4222 360 4301 Deinde,
369 4227 497 4307 quadem
509 4237 541 4290 et
550 4227 607 4289 hac
620 4227 710 4298 nihilo
719 4228 829 4287 minore
843 4224 879 4285 de
893 4242 982 4303 cause
990 4242 1001 4304 ι
1016 4233 1049 4283 ιι
1061 4222 1136 4305 ejus,
1146 4240 1229 4289 ente-

135 4327 228 4393 quam
238 4329 470 4399 corrumperetur
482 4317 696 4399 largitionibus,
708 4316 871 4379 institutum
879 4313 909 4375 in
919 4315 1068 4397 republica
1078 4319 1230 4395 recordati,
