2934 5000
226 345 229 353 ,
262 294 323 353 301
547 289 714 367 comus
735 282 1075 361 ARISTOCBATEM,
1236 324 1241 331 ·

763 492 861 557 LEX.
952 493 957 499 ’

299 626 426 676 Dumna
433 624 521 675 sallon
532 638 608 687 nsque
618 631 713 673 sessus
724 639 801 688 nequo
811 622 893 687 populi
900 623 1035 671 susbsitsti
1045 622 1190 685 ommia.

266 748 404 828 Depone,
445 746 531 808 Brevi
544 748 663 807 omnino
678 756 707 807 et
719 747 797 807 facili
810 747 942 809 oratione
965 746 1036 807 msssi
1055 766 1130 827 opus
1151 766 1217 808 esso
1235 759 1322 829 puto,
1334 744 1371 818 o't

265 840 431 911 ostendant,
442 838 526 899 ‘hauc
546 838 782 918 qnoqueiegens
805 838 862 898 isto
879 834 999 898 decreto
1016 859 1083 899 esse
1094 838 1243 899 violatam.
1287 832 1369 900 Nam

170 986 174 989 .
265 931 316 1009 qni
333 930 447 1010 iegibus
461 930 607 999 omnibus,
619 932 743 1009 quarum
755 938 839 989 tauta
855 927 1014 989 multitudo
1035 940 1091 1002 est,
1103 928 1230 1002 violatis,
1243 930 1368 991 decreto

262 1024 421 1102 inscripsit,
441 1033 472 1099 et
494 1016 693 1082 inclusit'rem
716 1022 882 1100 quampiam
905 1020 1093 1099 peculiarem,
1108 1040 1176 1079 eum
1190 1020 1262 1099 quid
1283 1022 1367 1083 aliud

266 1116 363 1175 iacere
383 1115 572 1175 statuendum
594 1124 649 1187 est,
670 1132 761 1191 qnam
787 1112 993 1191 postularent
1013 1112 1162 1178 decretum
1180 1112 1247 1193 lege
1265 1114 1366 1191 potius

264 1205 433 1266 habeatur?
473 1204 639 1275 Ostendam
654 1216 752 1265 autem
765 1201 951 1263 sobis'unum
974 1214 1063 1282 atque
1084 1202 1207 1263 aiterum
1227 1216 1366 1264 senatus·

266 1297 447 1375 consultum,
456 1298 562 1373 quibus
571 1296 623 1354 viri
637 1294 677 1355 de
690 1294 840 1373 republica
852 1314 919 1355 vere
932 1297 1007 1355 bene
1021 1294 1113 1354 meriti
1127 1306 1196 1354 suot
1207 1298 1317 1366 ornati,
1331 1310 1367 1356 ot

241 1438 244 1447 .
266 1388 447 1467 intelligatis,
460 1388 545 1448 facile
559 1408 622 1451 esse
632 1388 718 1465 sequa
731 1388 867 1458 seribere,
878 1388 903 1446 si
916 1387 979 1464 quis
993 1388 1032 1445 ob
1045 1386 1117 1446 iliud
1135 1389 1231 1467 ipsum
1244 1388 1366 1460 scribat,

266 1492 302 1539 ut
314 1480 400 1541 alicui
412 1478 774 1557 honoshabeetur,'utque
792 1478 817 1537 is
831 1477 859 1536 iu
875 1478 962 1537 vestri
970 1476 1045 1555 juris
1059 1478 1228 1537 'societatem
1239 1479 1366 1557 recipia-

266 1580 324 1642 tur,
337 1574 370 1631 et
385 1590 444 1631 non
463 1582 516 1650 por
529 1571 656 1649 speciem
669 1568 927 1647 talium‘honorum
945 1567 1054 1647 atiquid
1074 1569 1197 1648 improbi
1211 1572 1315 1629 conari
1336 1582 1367 1631 et

266 1662 440 1735 madefacere
451 1661 579 1721 studeat.
621 1660 699 1739 Lege
714 1660 970 1720 senatusconsulta
988 1661 1081 1719 haec..
1105 1660 1165 1719 Se‘d
1186 1680 1225 1719 oe
1241 1662 1366 1740 prolixi-

265 1764 312 1813 tas
326 1754 547 1813 auscultationis
561 1752 782 1815 molestsvobis
804 1766 893 1824 esset,
915 1771 932 1811 e
953 1752 1076 1832 singulis
1099 1754 1366 1822 senatusconsultis

266 1843 297 1903 id
312 1854 358 1904 est
370 1843 506 1918 electum„
518 1842 549 1900 in
564 1860 621 1919 qno
634 1843 722 1919 istum¹
737 1862 854 1906 accuso.
897 1842 986 1922 Lege.

583 2056 588 2067 '
614 2041 640 2121 E
662 2043 1091 2130 SENATUSCONSULHS,

267 2200 393 2271 Videtis,
404 2198 609 2270 Athenienses,
631 2198 737 2261 eodern
753 2196 843 2257 modo
862 2197 1013 2277 scripsisse
1031 2218 1144 2260 omnes.
1185 2201 1308 2275 Eadem,
1319 2206 1365 2272 in,

265 2294 338 2371 quit,
352 2292 497 2351 afficiatur
515 2310 611 2370 prena,
635 2310 704 2370 qua,
728 2290 753 2349 si
777 2286 985 2349 Atheniensem
1004 2291 1182 2359 occidisset:
1202 2294 1302 2354 valere
1319 2296 1364 2357 iili

256 2396 397 2467 receptas
410 2386 492 2462 leges
510 2396 621 2443 vestras
636 2384 744 2457 sinunt,
759 2382 935 2459 easdemque
949 2382 1169 2461 magnifaciunt,
1180 2404 1250 2445 oum
1267 2386 1365 2451 bonno,

263 2477 376 2558 rihourn
389 2496 454 2536 esse
463 2476 639 2548 existiment,
652 2476 812 2552 earundem
830 2474 918 2534 alicui
935 2476 986 2556 jus
1000 2475 1148 2556 impertiri.
1188 2478 1283 2539 Aliter
1292 2482 1363 2541 An·-

259 2579 417 2642 stocretes,
435 2569 486 2648 qni
503 2569 558 2628 has
574 2573 752 2654 quocunque
764 2567 852 2626 modo
871 2577 980 2645 potest,
993 2569 1163 2630 coutemnit.
1206 2571 1257 2630 stc
1269 2583 1363 2646 certe,

265 2661 347 2740 quasi
374 2661 420 2718 hoe
443 2660 550 2724 nullius
574 2660 667 2739 pretii·
683 2660 751 2736 sint,
761 2657 915 2738 peculiare
938 2659 1048 2740 aliquid
1068 2661 1195 2721 scribone
1215 2661 1362 2725 instituit:
1454 2728 1455 2731 Ἴ

264 2761 353 2836 atque
377 2751 450 2810 iilud
474 2769 590 2829 quoque
613 2769 730 2822 munus,
752 2769 811 2828 quo
839 2750 957 2816 civitate
988 2751 1195 2811 (hraddemum
1217 2755 1363 2829 donastis,

263 2851 413 2900 extenuat.
455 2842 531 2902 Nam
554 2842 604 2918 qui
627 2840 679 2912 sio,
692 2841 841 2920 quasisos
866 2841 923 2915 boo
944 2841 972 2900 ei
992 2841 1128 2902 tribuisse
1152 2864 1212 2905 non
1229 2850 1362 2908 contenti

261 2933 348 3012 plura
359 2932 448 2990 etiam
462 2931 604 3002 debeatis,
615 2932 689 2991 illud
710 2948 826 3010 quoque
847 2932 965 3012 adjecit,
979 2945 1112 3013 oportere
1132 2937 1285 3014 providere
1296 2961 1364 3011 vos,

261 3033 296 3082 ut
310 3021 350 3082 iili
359 3021 499 3100 quioquid
512 3021 593 3094 libet,
603 3023 720 3100 impune
731 3023 826 3095 liceat,
837 3025 972 3108 nonne-id
986 3025 1101 3093 molitur
1110 3029 1187 3104 quod
1200 3048 1257 3107 ego
1270 3032 1362 3092 dico?

302 3115 353 3174 24.
375 3113 479 3192 Noque
493 3132 561 3172 sero
574 3114 686 3192 ignoro,
699 3114 904 3198 Athenienses,
922 3115 1071 3176 decretura
1092 3118 1150 3177 hoo
1168 3121 1283 3201 legibus
1297 3144 1361 3184 non

260 3205 437 3286 palamesse
450 3205 637 3278 contrarium,
650 3206 879 3285 haudquaquam
900 3219 1086 3269 ostensurum
1110 3226 1175 3273 esse
1195 3213 1362 3277 Aristocra.

260 3309 340 3357 tem:
363 3292 417 3356 ried
440 3295 524 3369 illud,
538 3297 616 3374 quod
630 3307 677 3356 est
689 3297 818 3356 omniurn
839 3297 1060 3380 iniquissimum,
1074 3301 1155 3379 quod
1175 3303 1206 3362 in
1224 3313 1288 3364 toto
1306 3307 1364 3368 de·

155 3383 157 3388 ’
261 3397 353 3459 creto,
369 3408 465 3448 causae
477 3389 620 3462 dicendas,
638 3389 668 3447 in
690 3389 893 3467 talitcrimine,
906 3400 1081 3468 potestatem
1100 3413 1243 3473 nusquam
1265 3395 1360 3472 dedit,

262 3480 407 3558 surripere
421 3481 581 3540 conabitur.
624 3481 672 3554 De
686 3500 745 3558 quo
763 3499 819 3560 ego
842 3480 935 3540 multa
953 3481 1023 3541 mihi
1035 3486 1124 3544 verbu
1145 3505 1210 3547 esse
1223 3483 1363 3552 socienda

259 3588 321 3629 non
344 3581 434 3648 puto:
456 3589 521 3630 cum
542 3591 579 3630 ex
601 3569 804 3651 ejus'decreto
829 3572 979 3632 evidenter
999 3575 1107 3652 possim
1132 3579 1297 3651 ostendere,
1319 3602 1361 3644 ne

258 3663 355 3742 ipsum
375 3658 492 3738 quidem'
505 3663 681 3734 existimare,
696 3662 785 3722 ullam
798 3662 886 3743 hujus
907 3663 1035 3725 oriminis
1054 3667 1182 3728 teodori
1197 3690 1297 3730 causae
1310 3675 1357 3732 di-

258 3753 360 3816 cendoe
375 3762 560 3832 potestatem.
602 3754 724 3833 Scripsit
737 3755 824 3827 enim,
845 3755 878 3815 si
898 3757 983 3834 quis
1003 3757 1204 3820 occiderit
1224 3763 1357 3825 Chari-

258 3847 406 3915 demum,
427 3863 506 3903 eum
528 3845 664 3905 abduci
684 3847 823 3914 liceat:
850 3867 953 3926 quem
984 3849 1014 3909 si
1041 3849 1127 3929 quis
1158 3853 1357 3933 eripuerit,

253 3939 340 4012 sive
367 3936 460 3997 civis
485 3935 565 3997 sive
590 3937 771 4016 privatus,
797 3937 1004 4000 federibus
1028 3941 1269 4004 excludatur:
1291 3966 1356 4011 non

256 4033 283 4090 si
296 4040 427 4107 ereptum
433 4028 545 4110 judicio
559 4049 616 4088 non
630 4029 745 4100 stiterit,
761 4029 815 4090 sed
829 4030 947 4092 omniuo
961 4031 1071 4093 statim.
1113 4035 1203 4114 Atqui
1217 4036 1355 4098 sicessos

257 4122 415 4182 dictionem
429 4121 521 4195 daret,
537 4132 588 4181 aut
601 4119 704 4182 saltem
718 4141 779 4181 non
797 4119 924 4193 tolieret,
939 4133 1002 4182 tum
1019 4143 1133 4202 posnam
1148 4125 1178 4184 in
1192 4139 1354 4204 assertores

257 4213 415 4284 statuisset,
426 4232 493 4272 cum
506 4231 573 4272 euru
586 4231 672 4298 quem
687 4211 863 4291 eripuissent
869 4213 984 4292 judicio
996 4234 1055 4276 non
1068 4215 1222 4277 stitissent.

296 4307 355 4389 2⁵2
367 4304 497 4382 Arbitror
508 4315 648 4382 praeterea
657 4303 729 4362 illud
740 4323 858 4383 quoque
868 4305 1024 4378 dicturum,
1037 4319 1068 4366 et
1080 4307 1136 4368 hec
1149 4320 1232 4386 parte
1245 4311 1353 4374 obnixe

244 4393 392 4471 'daturum
405 4413 546 4474 operam,
566 4407 600 4457 ut
623 4397 723 4458 iuourn
745 4395 829 4457 vobis
848 4395 948 4471 isoiat,
967 4397 1078 4458 irritum
1097 4418 1166 4460 esso
1187 4401 1351 4484 decretum,
