2934 5000
271 305 326 374 170
683 301 953 370 mucosum.
1138 375 1148 397 ·

268 454 369 536 pedire
391 465 488 516 sutem
501 465 532 515 et
552 455 686 535 Philippo
699 465 731 515 et
744 454 942 516 Phoceneibns
956 465 987 514 et
999 453 1082 514 vohis
1098 452 1206 532 pariterv
1214 453 1365 518 ,omnious

270 553 387 627 stupore
399 556 430 606 et
441 545 875 626 imporhrnitate'l'hebauorum
885 545 1008 630 liberari.
1031 545 1122 604 Hisce
1128 543 1254 630 ¹quidem
1265 543 1365 606 liben-

268 650 312 698 ter
324 648 395 697 tunc
410 658 494 698 aures
514 639 703 697 advertebant
722 647 840 716 propter
859 636 958 696 odium
972 637 1044 697 illud
1058 635 1088 694 in
1101 635 1257 695 Thebanos
1278 637 1366 713 quod

269 731 352 791 nohis
363 730 413 789 illo
424 740 552 809 tempore
562 731 636 789 clam
646 729 761 789 insedit
785 727 844 788 Sed
854 727 924 807 quid
934 728 1072 808 deinceps
1082 737 1163 787 recte
1172 737 1370 787 consecutum

269 835 323 897 est,
342 843 402 882 non
422 821 512 902 longo
525 834 595 903 post
612 822 764 900 tempore?
796 821 837 879 Ut
857 813 954 880 miseri
973 820 1141 879 Phocenses
1159 811 1307 878 interirent
1324 829 1371 908 ‚et

269 919 355 976 urbes
377 935 475 975 eorum
496 915 671 986 delerentur,
697 933 750 972 vos
771 913 840 972 dum
862 912 1010 991 quiescitis
1030 912 1135 990 istique
1154 913 1370 989 obtemperatis

269 1009 358 1089 paulo
371 1004 439 1087 post
452 1027 524 1067 vasa
543 1027 580 1066 ex
596 1007 674 1085 agris
691 1006 920 1085 comportaretis,
939 1005 996 1065 iste
1016 1023 1118 1096 aurum
1138 996 1302 1082 acciperet:
1323 1004 1368 1062 ad

269 1103 334 1162 hsec
347 1097 436 1162 etism
449 1112 484 1160 ut
496 1101 700 1160 Thebanorum
715 1109 746 1158 et
758 1099 965 1159 'lhessalcrum
979 1097 1079 1166 odium
1094 1096 1131 1156 ad
1151 1095 1298 1156 civitatem
1309 1115 1368 1155 no-

268 1204 368 1264 stram,
381 1213 476 1252 rerum
490 1203 638 1272 gestamur
659 1191 752 1269 gratia
771 1192 808 1251 ad
824 1190 1000 1270 Philippum,
1014 1190 1174 1250 deveniret.
1214 1191 1314 1269 Atque
1326 1201 1367 1250 ut

265 1286 334 1346 hrec·
342 1287 384 1346 ita
395 1305 459 1345 esse
472 1295 597 1356 constet,
609 1284 701 1343 recita
713 1284 784 1343 mihi
802 1295 832 1342 et
845 1282 1032 1343 Callisthenis
1044 1283 1194 1341 decretum
1208 1290 1238 1340 et
1251 1285 1365 1360 episto-

266 1377 323 1457 leer
338 1376 474 1458 Philippi,
495 1377 623 1454 utrisque
637 1377 714 1435 euim
735 1376 870 1454 perlectis
884 1375 949 1435 hese
963 1375 1061 1436 crnuis
1073 1375 1164 1455 plana
1182 1375 1265 1434 vobis
1277 1375 1363 1436 fient.

266 1470 380 1530 Recita.

273 1587 278 1596 '
683 1587 922 1647 DECRETUM.

298 1693 414 1739 Archoote
424 1690 574 1753 Mnesiphilo,
582 1692 691 1738 corcione
701 1698 769 1737 extre
784 1691 886 1737 ordinem
898 1707 911 1736 s
922 1690 1035 1754 Shslegis
1053 1696 1188 1746 oonsoestu,
1199 1690 1229 1738 ds
1246 1691 1360 1738 autentis

265 1767 392 1828 Prytsuursr
403 1782 430 1811 ee
442 1774 544 1821 senstus,
557 1780 608 1811 ιιι
622 1765 661 1810 die
673 1765 876 1820 Moemsctericuis,
893 1766 1049 1814 Callisthenes
1064 1766 1188 1813 Heteouioi
1204 1767 1222 1814 i.
1234 1767 1361 1815 Phalereus

265 1843 365 1889 retulit:
382 1842 472 1902 Nequis
484 1841 659 1889 Atheniensium
678 1840 726 1888 ullo
738 1841 768 1888 de
787 1849 903 1903 praetextu
915 1843 938 1888 in
953 1857 1008 1904 egro
1024 1849 1152 1904 pernoctet,
1170 1843 1212 1889 sed
1227 1843 1251 1889 in
1263 1845 1320 1891 urhe
1336 1849 1362 1889 et

263 1917 355 1964 Pis-esc
366 1923 478 1971 suaset,
488 1917 528 1976 qui
539 1931 584 1962 uon
599 1915 624 1962 ia
638 1916 756 1975 presidiis
774 1917 884 1977 dispositi
899 1925 968 1965 suut:
987 1919 1067 1969 hornus
1081 1924 1167 1975 suusu,
1181 1933 1252 1979 quern
1261 1920 1362 1979 quisque

265 1995 342 2043 uem
353 1999 434 2040 nectus
445 1997 490 2048 est,
502 2009 555 2040 euru
566 2000 750 2060 recurrensque
768 1994 869 2042 interdiu
880 2003 919 2042 snt
930 2003 998 2042 noctu
1010 1997 1080 2042 shsit.
1103 1995 1241 2056 Quicunque
1252 1996 1308 2043 hnic
1316 1995 1359 2042 de·

264 2083 328 2116 ererc
336 2071 497 2130 nonpsroerit,
506 2069 648 2130 proditorum
657 2085 737 2130 punse
747 2070 805 2125 lust,
812 2071 856 2117 nisi
865 2087 891 2118 se
903 2074 1041 2119 necessitate
1050 2072 1127 2133 eliqua
1136 2072 1263 2119 inevitabili
1276 2072 1362 2134 depre-

264 2147 361 2194 hensum
372 2162 425 2192 esse
444 2147 564 2193 ostendet:
579 2147 608 2192 de
619 2163 646 2193 ee
663 2155 739 2192 sutesu
756 2147 893 2194 necessitate
911 2155 1037 2210 cognoscet
1051 2149 1172 2209 srntegus
1191 2149 1230 2208 qui
1244 2148 1360 2208 peditetni

264 2231 349 2285 preest
360 2233 384 2270 et
395 2233 496 2284 questos
507 2229 531 2270 et
541 2223 617 2269 scrihu
629 2232 729 2271 mustus.
746 2224 886 2272 Deferuntur
897 2226 973 2272 omniu
984 2240 1015 2272 ex
1027 2224 1089 2286 egris
1100 2239 1166 2284 qnsru
1176 2224 1284 2284 primunr,
1296 2239 1360 2287 que·

264 2301 421 2361 eueqeeintrs
428 2314 478 2346 csx
486 2301 561 2347 stadis
572 2309 627 2347 suut
634 2301 658 2348 iss
665 2302 744 2348 urhersr
754 2309 777 2346 et
786 2301 905 2357 Piraeum,
914 2317 965 2363 ques
973 2301 1035 2349 ultre
1043 2315 1094 2348 cxx
1105 2301 1179 2346 stellis
1188 2301 1359 2350 inllleusiueur

263 2383 289 2423 ct
298 2376 397 2437 Pthus
408 2383 434 2422 et
443 2377 550 2437 Aphidn‘s
561 2384 585 2424 st
597 2377 764 2424 llhsssnntersr
784 2377 933 2439 Susianique.
964 2377 1033 2426 Dixit
1048 2376 1199 2424 colisseum
1211 2377 1359 2432 Phalereus.

264 2495 406 2580 Nonquid
416 2521 469 2560 vos
479 2502 535 2561 hac
544 2522 596 2580 spe
606 2522 708 2580 pacem
720 2495 880 2577 faciebatis,
888 2513 921 2561 ut
929 2504 994 2562 haec
1005 2504 1086 2564 vobis
1101 2504 1289 2584 pollicebatur
1302 2508 1361 2567 iste

263 2591 478 2651 mercenariust
501 2592 606 2651 Recita
619 2612 698 2652 nunc
717 2593 870 2671 epistolam
890 2612 965 2664 eam,
981 2615 1068 2673 quarn
1082 2592 1128 2657 his
1142 2600 1266 2677 peractis
1279 2600 1361 2659 misit

264 2685 301 2745 ed
314 2706 368 2744 nos
384 2684 546 2765 Philippus.

569 2878 572 2883 .
610 2828 813 2892 EPISTOLA.
828 2831 1018 2894 PHILIPPI.

293 2944 348 2990 Rex
359 2942 515 2991 hiscedsrsuus
527 2944 651 3006 Philippus
662 2946 752 2994 sentui
772 2949 905 3011 populoque
926 2952 1065 2999 Atheniensi
1084 2953 1108 2999 S.
1133 2950 1222 3000 Scitote
1240 2968 1282 3001 nes
1296 2956 1359 3003 intre

262 3018 332 3079 run
342 3034 395 3068 esse
405 3028 582 3081 prsssrossssmt
592 3020 722 3071 Phocidem
733 3025 865 3087 subegisse,
876 3044 972 3089 quque
985 3034 1068 3090 sponte
1084 3030 1226 3085 deditionem
1233 3054 1236 3077 ι
1244 3032 1359 3088 secant.

158 3151 163 3159 ·
260 3094 285 3142 in
295 3094 326 3142 iis
336 3094 431 3157 oppidis
442 3095 553 3157 presidis
563 3096 702 3152 locavimus,
712 3113 765 3159 quse
777 3112 853 3147 suren
864 3104 947 3151 cedere
959 3104 1080 3151 uoluerunt
1094 3105 1116 3151 ri
1132 3106 1239 3166 cepimus
1253 3108 1358 3155 civibus-

259 3184 304 3232 que
321 3171 344 3218 iu
357 3169 492 3219 servimen
508 3172 608 3218 reductis
620 3172 671 3220 solo
681 3173 831 3235 murrinos.
866 3178 923 3225 Cures
942 3188 1017 3226 autern
1036 3180 1138 3235 audirem
1152 3176 1194 3229 sos
1213 3198 1304 3245 quoque
1316 3200 1358 3231 su·

258 3246 342 3294 uilium
352 3246 383 3295 iis
394 3262 485 3309 perere,
495 3246 577 3309 scripsi
585 3250 632 3309 jsrsr
645 3248 673 3295 sd
687 3264 738 3304 ros,
750 3266 779 3296 ue
789 3252 877 3298 diutius
887 3255 980 3300 erdere
992 3254 1110 3301 laboretis.
1125 3257 1163 3303 Ad
1174 3272 1283 3305 susurnam
1295 3260 1357 3307 enirn

258 3324 316 3371 nihil
323 3324 382 3371 ssihi
392 3326 512 3372 erodente
521 3324 598 3372 iecere
610 3325 729 3382 videmini,
740 3326 781 3387 qui
793 3342 844 3374 cun
856 3344 937 3389 pseesu
945 3330 1082 3391 pepigeritis
1090 3330 1240 3381 nihilomiuus
1248 3332 1271 3380 in
1282 3336 1356 3383 sciere

260 3399 417 3455 dsmedsds,
426 3402 498 3461 idqse
508 3415 562 3448 curu
572 3401 706 3457 Phocenses
714 3401 739 3447 in
752 3404 865 3451 conmuni
877 3412 955 3451 nosue
967 3405 1055 3451 laedere
1067 3420 1111 3453 nuo
1123 3405 1169 3453 sint
1179 3410 1355 3469 conprehensi:

260 3476 362 3539 quereri
378 3478 500 3525 meato
513 3492 606 3528 nuere
622 3476 711 3536 solitis,
722 3477 785 3527 sulls
795 3496 821 3528 re
835 3481 883 3529 slis
893 3496 931 3529 ros
942 3481 1091 3529 sntessrsetis
1101 3481 1306 3547 uislsuspicsndis
1319 3487 1357 3535 is·

256 3550 339 3612 iuriis.

245 3712 250 3722 .
269 3700 277 3709 ·
301 3674 347 3733 13.
366 3673 480 3735 Auditis
492 3694 580 3755 quarn
592 3677 740 3740 luculente
754 3682 785 3739 ia
798 3681 854 3741 hsc
868 3682 906 3741 sd
919 3702 971 3742 vos
985 3684 1110 3763 epistole
1122 3688 1210 3755 sociis
1229 3690 1289 3750 suis
1303 3710 1354 3753 os-

257 3766 360 3825 tendat
378 3784 414 3823 ec
434 3766 574 3838 declaret,
594 3780 627 3827 ut
644 3769 727 3830 hoe‘c
749 3792 822 3849 ego
845 3772 926 3833 ieci
951 3774 1098 3836 insitis
1125 3778 1353 3843 Athenien·

259 3859 374 3917 sibus
397 3871 436 3916 et
462 3877 567 3936 segre
589 3860 828 3935 serentibus,
856 3885 974 3945 quare
999 3870 1030 3928 si
1053 3889 1118 3929 ros
1146 3875 1307 3952 sapitis,
1334 3900 1352 3939 ο

258 3949 483 4009 'l'hehani-et
503 3949 698 4022 Thessali,
717 3974 782 4014 eos
802 3958 955 4036 quidem
976 3960 1013 4019 iu
1040 3962 1210 4026 hostium
1230 3986 1355 4031 nunne-

256 4062 298 4101 ro
316 4041 606 4114 ducetis,·nrihi'
620 4060 714 4101 vero
733 4043 846 4107 fidem
865 4049 1078 4128 habebitis,
1100 4058 1270 4138 honorique
1282 4061 1353 4142 ipsis

256 4132 312 4191 illis
323 4133 557 4213 serbisscripsit,
571 4134 626 4193 sed
639 4134 681 4193 ita
690 4136 852 4215 significare
863 4139 965 4202 voluit.
987 4144 1041 4204 His
1052 4148 1138 4226 igitur
1148 4150 1350 4235 rebuslcsptos

255 4222 321 4281 illos
334 4245 370 4284 eo
388 4226 512 4306 perpulit
532 4236 565 4285 ut
585 4226 655 4286 nihil
677 4226 813 4310 deinceps
835 4232 1028 4311 providerent,
1039 4238 1121 4297 nihil
1136 4238 1349 4320 pmsentirent,

257 4314 311 4373 s'ed
329 4335 394 4375 cum
408 4319 506 4379 omnis
517 4320 548 4379 in
562 4338 646 4379 suam
658 4319 790 4400 redigere
802 4335 979 4403 potestatem
996 4340 1182 4409 paterentur:
1205 4334 1284 4395 nude
1304 4338 1351 4397 iu·

255 4403 354 4465 felices
367 4408 498 4469 Thebani
516 4412 825 4477 inthascal'amitates
841 4418 1016 4483 inciderunt.
1052 4424 1149 4501 Atque
1170 4424 1258 4503 hujus
1273 4429 1347 4501 'fidei
