2934 5000
231 271 272 330 so
486 225 489 234 ⁵
621 265 860 328 nummos
879 266 938 326 ιιι

232 426 380 496 Qnoolsm
400 424 558 486 enimcum
570 440 631 484 uno
644 421 772 496 bomine,
786 440 847 482 son
866 437 934 480 oum
954 419 1121 483 mutius·
1139 417 1264 480 eisitst's
1282 420 1331 482 vi·

231 517 311 580 sibus
328 515 438 577 bellum
454 524 510 588 est,
530 534 568 575 ne
585 514 642 586 boo
664 512 786 592 quidem
798 531 854 574 usu
872 531 928 574 suo
944 522 1036 586 esset,
1054 529 1151 589 neque
1169 511 1330 591 superios'n

231 609 301 670 unni
310 607 470 688 legationes
480 608 510 666 in
524 605 761 686 Peloponnesum
773 605 833 664 illm
844 604 963 664 luerunt
974 603 1062 664 irritis
1074 621 1172 681 neque
1190 602 1328 668 munina-

229 699 333 772 tiones,
355 711 428 780 quus
448 717 506 778 ego
524 708 555 760 et
574 696 750 778 Polyeuetus
762 696 890 778 optimus
910 695 1018 756 illevit
1037 704 1068 754 et
1087 693 1276 775 Hegesippus
1296 705 1331 758 et

233 792 431 855 Clitomachus
446 801 476 852 et
489 791 646 872 Lyeurgus
660 800 691 852 et
703 789 752 850 ulii
764 789 855 870 legati
866 788 1106 860 circumtulimus,
1120 787 1227 866 quibus
1238 790 1329 852 rebus

231 871 392 960 effecimus,
406 893 439 946 ut
451 883 500 945 ille
513 875 646 964 represso
659 883 770 963 impetu
786 902 843 947 neo
856 879 1042 942 Ambraciam
1059 880 1210 942 insedeset
1221 901 1278 943 neo
1296 882 1331 944 in

232 979 470 1058 Peloponnesum
480 977 608 1039 irrueret
630 976 709 1038 tlttd
716 983 815 1036 nutem
824 993 885 1040 non
896 974 974 1049 dieo,
989 973 1015 1035 si
1029 974 1086 1054 ipsi
1098 972 1170 1034 nibil
1181 974 1261 1053 quod
1273 995 1330 1036 ns·

232 1089 315 1134 oesse
326 1079 374 1132 est
385 1089 438 1149 pro
449 1069 597 1130 nobismet
609 1067 679 1148 ipsis
692 1087 780 1148 egere
789 1067 923 1141 velimus,
936 1066 1011 1128 ulios
1022 1085 1090 1128 esse
1100 1067 1330 1130 oonsoesmloss

199 1191 205 1209 =
232 1163 341 1234 etenim
362 1161 627 1235 obsurduml'uerit,
641 1162 738 1240 utqui
756 1160 814 1242 ipsi
829 1180 886 1222 suus
896 1160 1046 1234 deserunt,
1063 1158 1160 1220 sliens
1176 1179 1210 1220 se
1227 1179 1332 1223 essm

233 1256 434 1336 profiteantur,
453 1264 484 1315 et
496 1253 567 1314 dum
579 1253 737 1334 presentie
753 1251 916 1332 negligunt,
925 1271 1026 1314 serum
1036 1251 1201 1314 subustum
1217 1262 1330 1313 mmm

233 1348 298 1410 sliis
306 1357 480 1428 proponunt.
502 1347 571 1408 Non
584 1347 650 1410 dieo
662 1347 738 1421 huo,
752 1337 805 1408 sed
819 1345 1073 1408 Cbemonesitsnls
1086 1345 1227 1406 militibus
1237 1365 1331 1426 peon·

233 1441 313 1504 niam
326 1438 393 1502 dioo
414 1459 479 1500 esse
498 1439 670 1502 mittendum
689 1450 720 1500 et
742 1439 801 1502 slis
815 1458 998 1520 quecunque
1014 1439 1166 1520 postulunt
1183 1439 1329 1514 lseiends,

230 1533 288 1616 ipsi
297 1543 464 1596 ,autemnos
477 1533 655 1596 msbuumur
666 1543 697 1594 et
708 1532 867 1612 iungemus
878 1534 976 1595 officio
983 1533 1079 1623 ommi,
1092 1552 1128 1594 so
1136 1542 1200 1594 tum
1209 1531 1331 1594 demum

233 1634 356 1688 eutem
370 1625 493 1687 Grecos
510 1643 717 1699 convocemus,
739 1645 963 1705 congregemus,
984 1626 1156 1700 doceamus,
1172 1625 1331 1688 ώσω·

232 1735 318 1778 mus:
339 1716 408 1778 baeo
419 1727 489 1778 sunt
500 1716 628 1798 civitatis
638 1725 722 1778 tants
733 1717 867 1796 psmditoe
881 1718 1035 1798 dignitate,
1049 1730 1190 1800 qusutsm
1201 1738 1258 1780 vos
1274 1721 1331 1779 ob-

233 1807 344 1871 tinetis.
366 1809 494 1879 Quodsi
508 1807 719 1870 Cheloidenses
732 1810 846 1889 putetis
856 1811 1005 1875 Graeoism
1016 1823 1181 1874 servsmsos
1197 1821 1250 1873 mt
1262 1811 1331 1872 ble-

230 1921 381 1983 garenses,
394 1921 505 1980 vosque
518 1900 631 1964 interes
642 1902 758 1964 labores
770 1902 953 1984 delegeritis,
963 1925 1025 1966 non
1035 1915 1117 1966 reete
1129 1904 1258 1986 pntstis:
1279 1923 1330 1965 ss·

139 2035 142 2047 ι
235 1993 274 2056 tis
286 1995 362 2054 enim
372 1993 509 2074 prmoluse
521 2013 588 2056 oum
601 1994 774 2074 illisogitnr,
785 1998 906 2060 sisusm
922 1999 1046 2080 quisque
1058 1995 1177 2060 mentitu
1191 1997 1329 2058 sslutets⁴

235 2087 328 2146 Vobis
341 2085 372 2146 id
384 2094 431 2147 est
443 2087 599 2166 egendum.
627 2087 719 2148 Vobis
739 2090 863 2169 majores
876 2091 967 2152 sesni
979 2111 1087 2152 munus
1107 2091 1147 2159 id,
1167 2109 1219 2168 per
1237 2084 1330 2149 mult's

236 2187 267 2239 et
279 2177 420 2258 pumolssu
431 2188 461 2238 et
474 2195 583 2258 magno
595 2177 766 2240 discrimino
777 2192 901 2261 purtim,
913 2183 1101 2260 reliquerunt.
1124 2181 1186 2240 Sed
1199 2182 1225 2240 si
1237 2199 1330 2242 unus·

234 2270 359 2352 quisque
373 2271 454 2350 quod
466 2271 547 2352 eupit
569 2270 600 2332 ld
612 2271 766 2350 requirens
784 2273 908 2346 sedebit,
926 2285 958 2334 et
978 2272 1037 2334 boe
1049 2273 1197 2353 speotsbit
1207 2292 1246 2333 ne
1255 2272 1330 2353 qnid

235 2363 290 2424 sibi
303 2362 408 2425 lnbmis
421 2364 596 2443 cupiendum
616 2364 665 2440 sit,
679 2367 804 2444 primum
818 2383 967 2442 nunquam
987 2383 1038 2426 eos
1059 2365 1186 2426 inveniet
1197 2367 1249 2444 qui
1266 2385 1329 2428 mm

237 2466 352 2537 gerent,
365 2456 472 2518 deinde
484 2464 596 2529 metuo,
614 2475 653 2517 ne
673 2457 735 2519 uns*
747 2458 853 2530 omnis,
866 2475 935 2537 qum
950 2456 1097 2529 nolumus,
1111 2457 1208 2520 lusere
1225 2459 1329 2520 sitne·

238 2568 333 2609 cesse.
355 2546 446 2628 [Nom
459 2549 484 2609 si
501 2548 552 2627 qui
570 2558 679 2622 essent,
693 2550 743 2629 qui
757 2569 811 2627 pro
822 2550 897 2609 solis
908 2559 1035 2627 mest,
1045 2549 1109 2630 jum
1127 2551 1200 2613 olim
1218 2551 1329 2614 inventi

236 2652 349 2719 essent,
362 2660 429 2701 oum
442 2640 513 2701 nibil
526 2640 582 2721 ipsi
596 2660 684 2721 egere
697 2642 836 2703 velimus:
857 2642 911 2703 sed
923 2662 984 2703 non
996 2643 1089 2720 sunt]

252 2725 254 2732 ’
280 2734 327 2792 16.
349 2733 413 2811 Ego
433 2733 520 2813 igitur
534 2734 599 2794 hoeo
613 2732 690 2807 dico,
708 2734 773 2795 baee
786 2736 932 2798 deoemo:
953 2746 985 2798 et
992 2746 1066 2817 puto
1080 2756 1160 2799 nuno
1179 2736 1269 2799 etism
1281 2758 1329 2801 sss

235 2846 322 2907 posse
330 2826 488 2901 emendari,
499 2828 602 2901 sibseo
615 2829 697 2890 fiunt.
709 2830 752 2890 -si
761 2832 827 2909 quis
838 2831 991 2892 suoembis
999 2830 1102 2892 melius
1108 2830 1221 2911 sliquid
1229 2832 1330 2908 babet,

237 2920 355 2985 diostet
367 2920 498 2981 suadent.
519 2921 609 2991 Quod
617 2932 715 2985 eutem
727 2922 810 2985 vobis
821 2926 976 3007 probatum
988 2922 1086 3003 luetis,
1097 2925 1130 2987 id
1141 2944 1243 2988 omnes
1256 2926 1328 2989 deos

236 3030 299 3088 oro,
307 3012 377 3073 ielis
389 3011 577 3093 tamtumque
590 3014 638 3077 sit.
