2934 5000
351 317 503 378 ORATIO
525 317 607 377 PRO
630 315 976 378 MEGALOPOLITIS.
1153 321 1206 378 13⁷

118 469 160 529 cti
181 469 296 545 fuerint,
314 471 396 552 jnsto
417 473 541 553 majores
564 489 622 532 non
646 479 734 532 erunt
747 471 972 543 Lacedaemonii,
986 472 1065 552 qnod
1080 471 1208 533 Arcades

119 559 297 624 adversanos
311 564 341 623 in
354 565 458 626 vicinia
472 565 638 633 habebuntz
660 565 706 624 sin
719 563 850 625 'I'hebnni
860 563 936 625 forte
948 565 1119 625 emerserint
1126 566 1208 625 ineo-

117 653 267 736 lumenque
287 660 446 720 manserint
466 669 496 718 et
518 678 577 718 non
599 657 789 730 conciderint,
802 657 907 718 saitem
929 645 1100 718 infirmiores
1113 666 1209 728 erunt,

116 759 270 827 postquam
284 749 314 808 hi
328 752 399 810 socii
411 751 495 812 nobis
509 751 588 823 secti.
603 761 634 812 et
652 770 704 830 per
725 769 781 811 nos
794 749 956 811 conservati
975 748 1098 809 suerint:
1120 767 1220 829 quere·

117 840 212 900 modis
235 842 370 902 omnibns
387 841 515 922 expedit,
532 853 565 901 ut
584 842 715 903 Arcades
731 862 825 921 neque
840 842 1007 902 deseremus
1021 861 1116 920 neque
1129 862 1210 902 com-

116 931 277 1004 mittamus,
290 933 315 994 εἰ
327 933 401 995 sorte
412 934 572 995 manserint
583 935 757 1007 incolumes,
771 944 807 994 ut
816 942 868 994 eut
880 935 942 994 suis
955 934 1082 993 evasisse
1101 933 1210 994 viribus

118 1034 171 1083 ent
183 1025 305 1086 eliorum
318 1045 407 1105 opere
419 1047 454 1087 ae
465 1045 523 1085 non
536 1035 632 1086 vestre
644 1045 699 1106 ope
713 1026 875 1084 conservati
887 1045 956 1084 esse
963 1025 1124 1086 videantur.

161 1115 207 1175 ll.
230 1117 294 1196 Ego
308 1117 436 1196 quidem,
449 1118 653 1189 Athenienses,
667 1117 749 1176 Deos
762 1125 863 1186 testor,
872 1135 920 1175 me
932 1125 1050 1176 neutros
1057 1115 1104 1176 vel
1114 1134 1211 1176 amare

116 1207 164 1268 vel
178 1209 278 1269 odisse
291 1210 443 1290 privatim:
465 1211 518 1271 sed
532 1229 568 1272 ea
581 1209 687 1270 dixisse
701 1227 769 1287 quae
781 1208 863 1267 vobis
877 1209 1027 1288 profutura
1042 1219 1159 1290 putem:
1180 1217 1210 1266 et

118 1319 172 1360 vos
194 1301 293 1362 hortor
315 1313 401 1381 sique
419 1295 534 1377 moneo,
558 1323 596 1362 ne
621 1299 848 1380 Megalopolim
862 1300 1012 1374 deseratis,
1023 1311 1077 1362 eut
1092 1299 1210 1362 omnino

118 1393 214 1456 uuum
224 1389 439 1457 imbecilliorem
451 1396 593 1475 objicietis
606 1393 753 1456 violentie)
765 1392 965 1473 poentioenn
