2934 5000
261 290 320 349 336
622 282 792 343 cortina
815 271 986 353 triniati.

260 442 332 501 dum
350 448 384 499 ut
402 456 434 497 sa
447 436 525 515 apud
543 454 589 495 me
611 434 641 495 iu
660 434 1000 511 grstiaponsret,eeque
1012 430 1084 507 egit,
1097 438 1130 488 et
1139 439 1275 509 sumptus
1289 433 1373 493 fecit

260 528 293 593 in
302 533 370 603 hoo,
379 540 413 589 ut
425 548 485 589 una
498 546 564 587 eum
578 526 629 585 illo
643 545 688 585 me
700 543 818 603 quoque
832 542 884 602 per
893 522 1025 601 injuriam
1034 521 1154 599 ejiceret
1165 523 1307 581 ciuitate?

303 626 352 683 36.
372 622 465 681 latum
477 620 565 698 igitur
581 618 671 679 talem
693 637 803 677 morem
823 627 854 675 et
874 615 1131 685 machinationem,
1145 614 1365 685 Athenienses,

262 725 295 773 ut
308 714 359 793 qui
371 713 426 772 sibi
433 712 527 771 factas
539 709 658 787 injurias
666 709 733 787 jure
746 705 1079 785 ulobeuntnr,pluribm
1089 706 1179 764 eham
1192 705 1366 765 aiheiantrrr

261 805 357 877 malis,
370 822 429 863 non
439 802 556 881 quidem
567 801 692 879 gravitu
706 810 738 859 et
750 799 850 876 iniquo
865 798 962 857 animo
974 797 1050 857 ferre
1061 816 1122 867 me,
1129 815 1184 855 ros
1197 808 1295 856 autem
1307 816 1364 857 re-

258 890 356 999 liquos
369 895 517 974 negligere
528 892 630 953 decet:
651 892 772 951 minime
782 890 916 970 protecto
926 888 958 949 id
971 888 1214 950 committendum
1225 898 1285 956 nott
1300 890 1361 949 sed

261 990 369 1071 pariter
381 1006 482 1048 omnes
498 986 583 1045 irasci
596 982 720 1055 debetis,
730 982 804 1047 illud
822 992 992 1062 reputantes
1009 991 1042 1040 et
1063 981 1295 1052 considerantes,
1309 982 1365 1043 in-.

257 1082 344 1161 juniis
365 1078 552 1158 accipiendis,
572 1076 774 1146 Athenienses,
796 1075 919 1135 maxime
937 1085 1121 1153 opportunos
1140 1092 1205 1131 esse
1221 1083 1359 1132 nostrum

259 1174 459 1253 pauperrimos
480 1188 612 1249 quosque
630 1178 661 1228 et
683 1167 901 1227 infirmissimos.
941 1165 1107 1225 inferendis
1130 1176 1238 1235 autem,
1256 1166 1300 1224 sie
1320 1176 1359 1247 ut

259 1284 322 1325 ‘nou
332 1262 420 1323 ruodo
434 1263 594 1322 facinorum
606 1279 706 1339 poeuas
716 1260 774 1337 ipsi
786 1278 846 1318 non
859 1260 941 1331 dent,
955 1260 1107 1319 sedetiam
1117 1258 1230 1337 aliquos
1242 1278 1356 1317 merce-

259 1356 299 1415 ds
310 1354 487 1427 conducant,
500 1352 550 1430 qui
567 1352 692 1411 vicissim
714 1352 834 1429 negotia
852 1352 1002 1411 facessant
1014 1349 1241 1422 accusatoribus,
1256 1352 1356 1427 [para-

197 1448 200 1453 ’
260 1446 390 1507 tissimus
407 1456 437 1505 et
459 1443 693 1521 expeditissimos
707 1442 787 1517 esse]
800 1442 935 1501 homines
947 1441 1114 1520 petulantes
1128 1451 1160 1499 st
1169 1442 1353 1519 pecuniosos.

262 1538 429 1613 blonigitur
441 1534 551 1612 negligi
565 1534 635 1594 talis
647 1534 872 1611 debentneque
890 1551 958 1593 eum
975 1531 1026 1609 qui
1047 1541 1130 1591 metu
1142 1532 1188 1589 sui
1202 1543 1233 1591 et
1245 1543 1356 1591 terrore
1385 1540 1393 1551 ⁸

259 1628 405 1707 prohibet,
421 1644 480 1703 quo
493 1624 589 1689 minus
603 1642 622 1681 a
634 1644 666 1682 se
679 1624 858 1701 injuriarum,
873 1642 940 1701 quas
953 1623 1039 1681 alicui
1050 1632 1179 1681 nostrum
1190 1624 1276 1684 iactoe
1288 1624 1355 1683 fue-

258 1720 327 1791 rint,
338 1736 433 1796 pmnoe
445 1724 629 1793 expetantur,
643 1714 724 1773 eliud
745 1714 843 1775 facere
864 1714 1046 1775 tenesmum
1059 1724 1117 1785 est,
1130 1733 1217 1793 quam
1230 1717 1355 1793 ‹equali›

257 1811 326 1869 tatis
337 1820 368 1867 et
380 1808 518 1867 libertatis
533 1807 702 1865 societatem
721 1806 806 1865 nobis
829 1816 962 1885 ereptum
975 1806 1027 1864 ire.
1069 1806 1146 1863 Nam
1162 1823 1219 1881 ego
1231 1806 1354 1883 quidem

257 1900 394 1959 fortassis
408 1908 496 1977 atque
509 1898 584 1955 alius
597 1896 741 1974 quispiam
753 1896 861 1956 falsum
876 1899 984 1957 crimen
1004 1907 1091 1975 atque
1109 1896 1282 1955 &amnium
1302 1917 1354 1957 re-

206 2060 208 2065 ,
257 1990 431 2070 pulerimus,
444 2008 502 2049 non
515 1988 614 2047 atatim
629 1987 809 2049 oonstemeti
820 1998 852 2047 et
863 1988 972 2047 afflicti.
1014 1988 1081 2073 Vos!
1094 1997 1189 2047 summ
1206 1988 1313 2065 reliqui
1336 2010 1354 2049 e

257 2082 373 2160 populo
388 2081 460 2159 quid
480 2080 601 2150 faciatis,
622 2080 678 2139 nisi
698 2081 863 2159 exemplum
885 2080 1055 2152 statueritis,
1076 2099 1135 2157 quo
1153 2080 1356 2140 deterreantur

257 2191 361 2233 omnes
375 2193 394 2233 a
406 2173 556 2257 diritiisiu
569 2172 644 2231 tales
664 2172 773 2236 abusus
794 2171 1019 2231 convertendis?
1062 2171 1119 2230 Ubi
1131 2172 1272 2231 monem
1285 2172 1352 2231 red·

124 2340 132 2349 ¹
257 2266 378 2339 dideris,
389 2266 588 2344 judiciumque
601 2263 735 2336 subieris,
746 2264 850 2341 quibus
863 2264 901 2323 de
913 2264 1000 2323 rebus
1012 2264 1166 2334 accusaris,
1181 2273 1242 2322 turn
1256 2262 1350 2322 vindi·

254 2361 383 2423 eandum
396 2362 426 2421 iu
440 2378 490 2421 eos
504 2360 555 2439 qui
568 2358 674 2419 falsum
695 2357 723 2416 in
749 2367 780 2417 te
796 2359 905 2417 crimen
922 2357 1056 2436 iecerint,
1070 2375 1106 2415 ac
1118 2366 1192 2428 tum,
1206 2357 1306 2436 siquis
1319 2368 1348 2415 te

253 2452 414 2531 deliquisse
424 2452 541 2524 'viderit
555 2470 612 2511 non
626 2460 671 2510 est
690 2448 837 2512 tollendus
856 2469 874 2509 e
893 2449 1000 2519 medio,
1019 2466 1124 2526 neque,
1140 2442 1280 2510 ubi‘salsa
1291 2448 1348 2509 eri·

255 2544 336 2604 mina
348 2543 500 2624 obJeoaris,
515 2543 680 2602 conandum
693 2551 727 2601 ut
738 2543 801 2601 sine
816 2541 932 2622 judicio
943 2539 1114 2611 absolvaris,
1126 2550 1179 2600 aut
1191 2561 1290 2620 paenas
1302 2543 1346 2600 in-

254 2637 316 2714 fligi
339 2637 391 2696 tibi
408 2653 486 2714 egre
505 2633 667 2704 terendum,
692 2633 747 2692 sed
769 2644 840 2694 aute
854 2632 1020 2712 cavendum
1042 2642 1099 2703 est,
1120 2651 1159 2691 ne
1184 2633 1347 2712 petulanter

254 2728 412 2805 quiequam
426 2723 600 2786 committas.

295 2821 344 2877 37.
366 2821 448 2882 Quas
469 2817 555 2894 igitur
577 2817 696 2892 injurias
720 2826 752 2874 et
772 2816 973 2888 contumelias,
986 2825 1048 2874 mm
1061 2833 1182 2894 corpore
1195 2835 1272 2887 meo,
1286 2827 1347 2876 tum

256 2911 288 2968 iu
308 2905 448 2966 aedilitate
471 2923 639 2986 perpessus,
652 2905 759 2983 quihus
782 2917 814 2966 et
832 2925 921 2984 quam
943 2909 1029 2969 variis
1053 2907 1166 2968 insidiis
1192 2910 1347 2988 appetitus,

256 2999 362 3077 quibus
385 2997 468 3058 malis
490 3007 636 3069 oneratus,
657 2997 776 3056 tandem
799 3000 950 3072 evaserim,
966 2999 1131 3069 audivistis,
1145 3000 1346 3072 Athenienses,

255 3107 423 3168 quanquam
447 3088 539 3148 multa
560 3086 696 3166 praeterii.
739 3089 805 3149 Neo
832 3090 910 3148 enim
928 3090 1067 3168 explicari
1100 3091 1185 3152 facile
1217 3093 1347 3155 fortassis

211 3187 214 3200 '
255 3183 352 3242 omnia
372 3191 490 3260 queant.
533 3179 582 3240 Sic
604 3191 701 3240 autem
728 3199 762 3240 ss
783 3199 831 3240 res
848 3179 965 3242 babet:
986 3182 1099 3243 nullum
1121 3193 1168 3243 est
1185 3183 1345 3262 leomarum

255 3272 395 3344 omnium,
414 3271 496 3350 quod
524 3270 562 3332 ad
585 3289 634 3332 rue
652 3271 745 3332 solum
767 3273 900 3344 attineat,
922 3289 991 3332 nam
1013 3273 1044 3333 in
1063 3273 1099 3334 iis
1121 3293 1172 3352 per
1191 3295 1259 3353 qun
1277 3275 1346 3336 cho-

253 3353 304 3424 rus
316 3363 441 3425 violatus
452 3371 509 3436 est,
520 3363 613 3425 tribus
626 3372 738 3435 nostra,
759 3363 875 3425 decima
897 3373 1026 3426 vestrum
1046 3383 1122 3442 pata,
1136 3383 1197 3426 uus
1219 3375 1268 3426 est
1286 3365 1345 3426 rio-

160 3455 163 3462 '
252 3453 336 3521 latai
356 3453 465 3532 injuriis
478 3463 508 3514 et
519 3454 632 3513 insidiis
646 3454 716 3514 mihi
733 3452 829 3525 factis,
847 3453 939 3529 leges,
962 3471 1084 3529 quarum
1104 3454 1243 3531 presidio
1255 3475 1344 3515 unus-

252 3543 379 3622 quisque
392 3555 521 3604 restrium
533 3547 631 3605 salvus
647 3555 693 3605 est
702 3567 720 3612 ;·
732 3556 838 3624 praeter
857 3544 923 3602 haec
943 3545 1041 3603 omnia
1052 3563 1121 3604 reso
1134 3546 1209 3604 deus
1222 3541 1281 3617 ille,
1295 3567 1346 3606 cu-

188 3677 194 3686 .
250 3636 299 3715 jus
321 3653 376 3713 ego
398 3633 490 3695 aedilis
515 3655 603 3710 eram,
617 3647 648 3696 et
667 3637 824 3714 religionis,
839 3655 1021 3714 quaeeunque
1039 3635 1090 3695 illa
1110 3647 1155 3696 est
1166 3633 1306 3718 majestas
1316 3649 1345 3698 et

255 3727 403 3796 divinitas,
414 3745 474 3786 una
485 3725 558 3786 luesa
570 3738 625 3788 est.
668 3729 764 3788 Decet
776 3728 864 3806 igitur
877 3746 929 3786 eos
942 3727 992 3805 qui
1004 3746 1058 3806 pro
1071 3729 1224 3790 suscitate
1238 3730 1344 3790 iamne-

252 3840 321 3882 rum
332 3819 385 3885 ‘de
401 3819 458 3880 isto
481 3837 582 3896 poenas
605 3819 718 3880 sumere
735 3820 848 3893 volunt,
861 3840 921 3880 non
939 3819 981 3879 ita
1000 3820 1089 3890 modo
1101 3821 1198 3892 irasci,
1210 3821 1296 3899 quasi
1307 3821 1345 3882 de

253 3933 301 3974 me
318 3922 431 3973 tantum
449 3921 563 3990 agutur,
577 3911 631 3970 sed
645 3912 728 3989 quasi
741 3913 846 3973 eadem
859 3931 949 3992 opera
967 3913 1058 3991 leges,
1072 3911 1157 3983 deus,
1170 3913 1344 3992 respublica,

251 4005 339 4063 simul
353 4023 454 4064 omues
469 4002 567 4064 violati
582 4003 650 4074 siut,
672 4003 712 4062 sic
736 4006 852 4082 exigere
873 4003 1068 4084 supplicium:
1088 4004 1174 4063 istius
1193 4024 1280 4084 porro
1292 4004 1344 4066 ad·

248 4095 363 4174 jutores
383 4108 414 4156 et
435 4095 593 4155 advocatos
612 4113 671 4154 non
688 4104 827 4174 patronos
848 4115 915 4156 esse
936 4105 1060 4168 tantum,
1072 4095 1127 4156 sed
1139 4096 1344 4175 approbatores

251 4187 342 4248 otiam
355 4187 515 4248 facinorum
528 4187 612 4248 istius
626 4186 836 4248 existimabitis.
876 4187 967 4254 Quod
984 4187 1021 4258 si,
1032 4187 1240 4261 Athenienses,
1253 4187 1343 4249 sobri·

252 4288 344 4337 amet
356 4281 536 4340 moderatum
550 4287 622 4362 erga
641 4281 713 4342 ahos
727 4279 837 4341 Midias
849 4300 883 4340 se
897 4279 1048 4360 gessisset,
1061 4299 1158 4358 usque
1171 4280 1345 4358 reliquorum

248 4368 357 4430 urum
366 4373 459 4434 ullum
480 4374 614 4446 laesisset,
626 4385 714 4454 atque
734 4374 766 4433 in
785 4393 831 4433 me
844 4374 941 4447 solum
954 4370 1030 4434 adeo
1043 4372 1180 4451 petulans
1190 4381 1221 4432 et
1234 4370 1342 4433 uiolau-
