2934 5000
509 233 560 334 ἰιι
585 277 788 338 renonum
814 279 836 338 ι.
1156 283 1216 356 ιιι

119 442 197 492 tmm
209 431 313 492 horam
325 433 404 504 fecit,
417 434 467 513 qui
488 433 550 492 fieri
568 443 667 513 potest
680 441 715 492 ιιι
728 431 853 492 duorum
874 451 1015 492 annorum
1037 453 1074 493 ex
1096 431 1217 494 officina

89 587 92 595 f
120 524 242 597 reditus,
256 525 375 604 triginta
384 527 488 596 minas,
503 544 562 585 non
574 525 692 597 habeat,
706 543 798 604 quum
810 543 877 584 esse
889 524 1001 586 factura
1014 524 1133 584 omnino
1143 545 1214 586 cun-

118 617 200 676 stetl
220 617 309 684 Quod
323 617 348 676 si
361 617 466 678 horum
480 627 637 695 utrumque
645 617 775 694 negabit
786 625 816 676 et
830 613 954 696 Milyan'r
967 617 1033 677 hec
1043 617 1141 677 omnia
1153 617 1215 676 dis-

116 727 256 813 pensasse
271 719 394 782 asseret,
407 719 454 768 est
474 729 543 768 vero
557 709 600 767 illi
612 708 750 768 habenda
760 707 846 781 fides
860 709 1016 788 affirmanti
1039 729 1071 770 se
1089 709 1213 788 amplius

117 800 285 879 quingentis
298 800 446 891 drachmis
461 801 648 880 expendisse,
662 801 788 860 illum
766 821 790 859 er
808 801 878 879 quid
901 779 976 862 lucri
995 801 1034 860 sit
1049 803 1159 862 lactum
1182 801 1214 860 id

117 891 247 953 heberei
269 892 345 952 Mihi
359 876 477 970 quidem
490 894 666 952 contrarium
675 893 826 971 probabile
839 893 963 968 videtur,
980 891 1093 954 etiamsi
1103 893 1213 972 Milyas

116 984 168 1044 illa
177 997 375 1064 procurasset,
389 986 468 1045 hunc
481 985 620 1064 quidem
612 1005 760 1066 impensas
774 985 945 1058 facturum,'
938 997 1024 1046 istam
1039 1007 1107 1046 vero
1122 986 1214 1045 fuisse

117 1087 263 1152 questum
273 1087 453 1148 exacturum,
468 1077 493 1137 si
503 1096 564 1157 qua
575 1077 664 1136 modo
678 1078 846 1157 conjectura
858 1077 1001 1158 capienda
1009 1088 1084 1138 este
1098 1077 1213 1139 canteris

117 1172 181 1247 cius
195 1172 284 1231 lactis
293 1181 324 1231 ct
332 1172 524 1251 impudentia.
567 1172 649 1250 Cape
663 1171 729 1230 haec
744 1171 920 1243 testimonie,
929 1179 959 1229 et
971 1171 1072 1230 recita.

524 1387 797 1448 TESTIMONIA.
843 1399 850 1407 '

100 1527 183 1588 ¹llas
200 1527 289 1607 igitur
309 1529 429 1608 triginta
445 1530 539 1589 minas
553 1551 589 1589 ex
610 1531 740 1603 officina,
754 1549 914 1609 earumque
928 1548 1046 1590 usuram
1061 1540 1131 1591 octo
1147 1533 1211 1612 jam
1257 1517 1259 1522 ’
1316 1523 1318 1528 ’

116 1637 221 1692 annos,
234 1620 332 1690 habet,
347 1642 425 1700 qum,
440 1622 465 1680 si
486 1621 631 1682 duntaxat
652 1623 682 1682 in
703 1622 835 1702 singulas
850 1622 1003 1682 drachmas
1016 1635 1211 1703 computetur,

115 1708 181 1769 alite
195 1722 294 1772 mmeu
306 1713 427 1792 triginta
437 1715 524 1774 minoe
534 1715 728 1791 invenientur.
762 1715 810 1773 ‘Et
822 1715 886 1774 haec
901 1715 1020 1775 seorsim
1034 1715 1114 1774 solus
1126 1735 1211 1776 acce-

115 1802 169 1880 pit,
177 1822 244 1882 qum
258 1807 417 1885 conjuncta
430 1827 498 1866 cum
509 1809 626 1883 dotset
640 1819 719 1867 sorte
728 1817 853 1886 quatuor
864 1808 982 1868 omnino
996 1807 1107 1868 talenta
1120 1811 1211 1870 confi-

113 1895 215 1956 ciunt:
236 1917 316 1956 nunc
339 1919 376 1958 ea
397 1899 478 1958 vobis
503 1899 653 1978 sigillatim
675 1919 832 1978 exponam,
848 1919 914 1979 quae
935 1900 1128 1961 communiter
1143 1921 1210 1961 cum

112 1989 231 2066 reliquis
253 1990 410 2048 tutoribus
422 1990 540 2070 diripuit
557 2001 588 2051 et
606 2011 731 2089 quorum
754 1991 888 2070 quaedam
911 2013 1029 2072 prorsus
1051 2013 1088 2052 ue
1110 1993 1212 2055 relicta

113 2080 234 2158 quidem
249 2080 341 2140 fuisse
357 2081 518 2142 contendit.

153 2174 185 2236 7
199 2172 250 2231 Ac
257 2192 382 2251 primm
391 2172 470 2252 quod
479 2172 774 2234 adlectorumlebros
785 2173 898 2246 atunet,
908 2193 981 2252 quos
990 2174 1107 2253 reliquit
1117 2187 1210 2255 pater

113 2262 160 2324 isti
175 2252 325 2326 occultare
343 2264 473 2338 student,
486 2267 525 2326 ob
539 2267 736 2344 quadraginta
750 2267 844 2324 minas
861 2264 977 2344 pignori
990 2267 1151 2344 oppositos,
1157 2268 1211 2372 'qai

113 2375 236 2416 numero
249 2357 352 2436 viginti
364 2367 445 2429 sunt,
459 2358 541 2416 vobis
554 2358 676 2436 planum
690 2357 795 2417 faciam
807 2376 853 2416 mc
873 2357 918 2415 hia
932 2376 984 2434 per
997 2375 1141 2416 summam
1155 2360 1210 2417 im·

113 2448 285 2530 pudentiam
296 2460 328 2511 et
337 2450 492 2511 manifeste
504 2449 635 2530 fraudari
644 2450 743 2511 abeis.
777 2450 853 2510 Nam
864 2449 918 2509 hos
928 2448 1008 2511 domi
1022 2469 1089 2511 esse
1102 2459 1210 2531 nostre
1296 2471 1297 2474 ¹

113 2541 233 2602 relictos
246 2562 348 2603 omnes
365 2544 553 2615 confitentur,
566 2554 597 2603 et
617 2544 769 2603 duodenas
787 2544 862 2621 patri
880 2543 974 2602 minas
989 2544 1144 2623 quotannis
1160 2564 1209 2605 au-

112 2634 237 2694 cessisse
251 2636 330 2696 haud
344 2646 475 2715 negant:
496 2637 550 2715 ipsi
564 2656 633 2697 vero
653 2656 700 2696 me
717 2636 802 2695 annis
811 2636 873 2715 jam
888 2635 1023 2695 undecim
1037 2636 1107 2697 nihil
1118 2658 1155 2697 ex
1166 2640 1209 2697 cis

113 2724 225 2786 fructus
238 2727 377 2788 habuisse
390 2728 504 2806 dicunt,
519 2728 565 2789 vel
586 2728 706 2808 minimi,
724 2740 892 2807 sumptuum
905 2746 975 2787 vcro
990 2746 1144 2803 summam,
1159 2730 1209 2809 qui

112 2818 142 2877 in
161 2840 212 2879 eos
228 2820 301 2880 facti
321 2822 391 2890 sint,
410 2822 466 2880 iste
490 2820 702 2901 propemodum
717 2820 796 2879 mille
820 2818 973 2879 drachmas
991 2830 1157 2900 computat:
1173 2840 1209 2881 eo

112 2910 302 2989 impudentiae
325 2912 412 2971 venit.
455 2912 538 2990 Ipsos
563 2923 661 2972 autem
683 2910 831 2981 homines,
848 2929 923 2989 quos
943 2912 1018 2971 tanti
1042 2912 1208 2972 constitisse

113 3003 227 3075 dicunt,
241 3022 386 3079 nusquam
402 3003 473 3062 mihi
485 3005 679 3074 tredidemnt,
699 3004 753 3063 sed
763 3014 960 3065 commentum
974 3004 1103 3063 omnium
1118 3004 1208 3065 auda-

113 3094 263 3153 cissimum
279 3092 415 3167 afferunt,
429 3114 496 3154 eum
511 3095 561 3172 qui
576 3114 642 3154 meo
655 3095 731 3173 patri
742 3096 861 3155 servitia
872 3096 987 3177 pignori
1001 3094 1115 3156 dederit
1131 3116 1209 3157 mor-

114 3186 218 3247 talium
231 3186 442 3263 ueqoissimum
454 3185 611 3257 exstitisse,
625 3197 734 3249 etcum
745 3206 824 3264 saepe
836 3186 961 3248 solvisse
970 3186 1068 3255 fidem,
1079 3196 1208 3249 tumuere

113 3282 211 3341 alieno
223 3280 314 3341 fuisse
333 3298 518 3359 oppressum,
531 3298 626 3357 neque
646 3296 757 3357 paucos
783 3295 820 3335 ex
836 3277 900 3356 ejus
910 3277 1105 3335 'creditoribus
1117 3287 1207 3362 testes

113 3374 439 3435 citamutcontraeum:
449 3372 502 3432 sed
512 3391 577 3451 quus
588 3370 638 3431 rlle
648 3371 688 3429 sit
697 3389 747 3446 qur
756 3386 900 3446 mancupia
909 3368 1068 3447 acceperit
1079 3364 1207 3449 autquo·
1227 3372 1230 3379 “

113 3466 203 3526 modo
216 3484 253 3523 ex
266 3464 379 3523 aedibus
393 3463 527 3535 abierint,
542 3472 594 3522 aut
607 3463 644 3522 ab
656 3459 756 3540 aliquo
771 3460 899 3519 abducta
913 3459 986 3532 siut,¹
998 3470 1028 3521 et
1041 3482 1058 3521 a
1069 3482 1128 3541 quo
1140 3462 1209 3523 victi

107 3558 221 3635 judicio
234 3576 271 3617 ea
288 3556 448 3635 amiserint,
459 3556 557 3616 dicere
569 3565 729 3633 nequeunt.
761 3542 928 3622 Enimvero,
951 3552 976 3613 si
998 3572 1084 3632 quam
1104 3538 1209 3633 proba·

106 3650 201 3719 bilem
210 3668 329 3711 causam
340 3650 499 3721 haberent,
514 3668 573 3708 non
589 3656 693 3708 contra
710 3646 788 3705 illius
808 3645 1021 3725 improbitatem
1035 3656 1124 3707 testes
1137 3647 1209 3707 cita·

112 3752 188 3815 rent,
201 3762 269 3822 quse
281 3742 352 3802 nihil
366 3742 405 3801 ad
421 3761 477 3801 nos
488 3742 609 3800 attinet.
631 3740 685 3799 sed
697 3738 851 3829 hispotius
862 3738 1033 3811 niterentur,
1046 3739 1097 3817 qui
1108 3756 1207 3803 servos

113 3836 332 3895 abalienassent
340 3853 451 3912 eosque
464 3832 671 3911 producerent,
681 3851 840 3910 eorumque
849 3850 994 3891 nemmem
996 3828 1208 3933 pretermitte-

113 3937 189 3987 rent.
231 3927 321 3988 Nunc
334 3946 388 4007 par
399 3943 546 3986 summam
561 3924 753 4002 iniquitatem,
768 3924 900 4003 quumvis
917 3921 1070 4009 mancipia
1084 3940 1148 3981 esse
1163 3942 1209 3981 re·

112 4001 183 4079 licta
184 4039 295 4100 ,eaque
310 4040 341 4080 se
353 4018 500 4097 recepisse
514 4017 718 4088 confiteantur,
732 4027 763 4077 et
779 4036 864 4076 usum
886 4014 1012 4072 fructum
1028 4012 1141 4073 illorum
1155 3990 1208 4073 ho-

106 4111 226 4185 minum
248 4132 300 4189 per
327 4110 502 4185 decennium
516 4108 712 4188 perceperint,
735 4107 869 4167 funditus
893 4114 984 4165 totam
1006 4104 1161 4165 officinam
1159 4125 1209 4183 ex

115 4202 208 4262 oculis
221 4202 337 4265 tollunt.
378 4203 456 4265 Haec
474 4211 508 4263 ut
522 4222 540 4262 a
554 4222 600 4261 me
614 4222 681 4261 vere
696 4200 754 4261 dici
769 4208 894 4271 constet,
908 4216 980 4277 cape
995 4198 1160 4273 testimonia
1174 4218 1209 4261 ac

114 4295 217 4355 recita.
