2934 5000
408 293 865 411 ‘consummemus
988 367 1002 397 .
1176 328 1272 389 sos·

132 459 225 528 sedilis
236 460 364 540 fuissem,
376 473 561 534 contumeliae
574 485 688 536 tontum
696 476 761 556 ejus
773 477 904 537 iocinore
916 477 1049 538 dumnsri
1056 479 1229 559 potuissent.

133 559 229 632 Nunc,
238 561 267 620 'si
289 562 354 639 quis
373 565 571 628 eum'violetse
585 567 734 647 religionis
748 567 878 638 damnet,
901 579 981 630 recte
1002 572 1073 631 mihi
1096 572 1227 634 lecturus

129 649 282 712 videbitur.
304 653 409 732 Neque
423 657 500 716 enim
514 670 593 718 certe
605 659 831 736 hoc-ignoretis,
842 679 896 720 vos
907 659 981 720 istos
994 661 1099 722 choros
1111 664 1227 724 univer-

129 760 177 800 sos
192 753 222 802 et
236 743 370 823 hymnos,
384 747 413 804 in
421 747 536 807 Bocchi
549 748 688 809 honorem
708 750 870 822 instituere,
884 771 944 810 non
958 753 1047 812 modo
1060 773 1098 814 ex
1111 754 1225 832 legibus

128 831 372 905 Bacchanalibus,
387 837 441 896 sed
458 837 544 897 etiem
563 857 600 896 ex
613 841 751 911 ornculis,
773 840 803 905 iu
823 842 929 919 quibus
954 845 1094 904 universio
1116 855 1225 906 nostre

127 926 191 984 urbi
198 925 341 1001 ¹divinitus
355 927 412 987 hoc
425 948 491 989 esse
503 932 724 1008 promulgatum
736 933 901 1007 invenietis,
917 953 976 995 non
990 936 1086 996 minus
1099 937 1224 1016 Delphis

40 1002 48 1012 ’
92 1048 103 1060 „
126 1035 214 1096 quem
229 1018 375 1092 Dodone,
390 1031 422 1080 ut
432 1021 540 1082 choros
560 1023 692 1084 institunt
711 1023 768 1083 ritu
787 1025 892 1104 patrio,
915 1035 947 1086 et
959 1027 1039 1088 ricos
1058 1028 1173 1102 lustret,
1194 1040 1224 1090 et

126 1127 250 1170 corones
264 1122 373 1190 gestet.
396 1113 456 1174 Sed
470 1133 541 1193 ospe
555 1113 620 1195 ipss
633 1115 766 1188 oreculs,
778 1128 810 1178 et
821 1116 921 1178 recito.

543 1385 546 1395 ,
564 1325 770 1404 curcum.

371 1465 464 1526 lmpcro
473 1465 630 1521 Erechthidis,
642 1467 771 1514 Pendicnis
782 1467 848 1515 urhis
859 1469 967 1526 murenis,

370 1539 416 1598 Qui
427 1539 497 1585 solito
506 1539 589 1600 regitis
600 1553 692 1601 semper
704 1557 769 1588 ssorn
778 1543 852 1603 petris
863 1545 937 1598 eultn,

370 1613 404 1661 Ut
416 1615 503 1662 Bsoohi
514 1631 636 1672 memores,
644 1617 728 1678 surplis
736 1614 870 1679 regionibus
880 1617 946 1666 urhis

368 1689 593 1738 Primitissllronio
604 1691 689 1740 celebri
698 1693 806 1740 tribuetis
817 1695 914 1750 honore,
1217 1726 1236 1754 0

369 1767 440 1814 διατι
451 1766 498 1814 sris
509 1766 573 1828 dunt,
583 1783 650 1816 coros
660 1768 692 1816 sit
703 1767 811 1818 redimite
821 1771 923 1818 coronis.

152 1920 223 1966 Ssorn
231 1935 275 1980 pro
283 1921 382 1968 ssnilste
390 1922 443 1970 finnt
452 1929 476 1969 et
486 1913 541 1970 'solu
551 1919 606 1972 Josi
618 1939 735 1985 supremo,
747 1925 857 1981 Herculi,
868 1925 971 1989 Apollini
983 1927 1091 1987 presidis
1104 1944 1148 1990 pro
1159 1932 1219 1978 hons

119 1993 219 2050 fortune,
236 1995 340 2054 Apollini
351 1997 512 2056 nornpitslitio,
524 1999 627 2054 hutnore,
644 2001 735 2055 Dinone,
753 2002 808 2048 ilem
825 2002 969 2063 irrumpitis
989 2010 1090 2052 crateres
1101 2005 1218 2054 ststoendi

119 2075 173 2114 suot
183 2078 207 2114 et
217 2069 282 2116 chori
292 2071 402 2127 ducendi,
411 2079 436 2118 et
445 2087 536 2118 coroner
548 2075 674 2131 postendae,
685 2077 730 2122 rito
742 2077 819 2136 petrin
830 2078 928 2124 eohlstis
938 2078 1004 2139 posis
1014 2080 1118 2128 snsnihns
1127 2083 1218 2131 dextris

119 2151 145 2191 et
156 2143 266 2200 sinistris,
274 2145 304 2191 sd
315 2145 383 2193 diros
393 2146 508 2206 disemus
518 2147 627 2196 wlestes
639 2163 729 2205 ornnes,
738 2157 764 2196 et
773 2151 886 2199 donorum
895 2153 1070 2201 mordendum.

440 2275 651 2372 onscum'
667 2308 896 2372 nonomen.

143 2451 235 2515 Populo
247 2451 385 2505 Atheniensi
395 2453 463 2503 dosis
474 2451 536 2501 illius
544 2451 621 2517 jubet.
643 2417 773 2514 l’roptcres
782 2451 844 2513 quod
857 2458 949 2515 ternpus
961 2451 1108 2501 solennitetis
1119 2459 1216 2516 preter·

117 2528 225 2585 misistis,
236 2528 341 2577 delectos
354 2530 444 2595 [iubet]
459 2529 601 2578 seorilionlos
616 2528 686 2584 mitti,
706 2526 747 2588 qui
757 2527 816 2574 lori
828 2528 937 2611 'l'srnsrip
949 2535 997 2576 tres
1011 2531 1094 2588 hores,
1103 2530 1216 2592 binusque

116 2600 166 2651 hom
179 2605 280 2665 singolis
293 2620 359 2661 oves,
375 2606 480 2653 oll'emnt.
490 2600 551 2659 “Qus
569 2604 651 2651 Dione
662 2618 733 2665 porro
745 2602 830 2650 honere
845 2610 870 2650 et
887 2604 945 2651 sliss
956 2605 1073 2660 victimer,
1090 2614 1115 2653 et
1130 2619 1213 2655 emm
1277 2654 1283 2668 ,

116 2696 225 2738 mensem,
233 2678 336 2745 offerunt.
350 2681 553 2743 Quiqueinsuper,
561 2678 899 2741 iddonsriorrr,qoodpopulus
904 2678 1079 2729 Atheniensium
1087 2681 1215 2739 dedicerit,

116 2756 217 2821 mernor.

590 2901 728 2981 struo.

137 3030 208 3089 dosis
219 3030 280 3077 ttius
290 3032 395 3079 Dodones
403 3033 486 3093 juhets
498 3032 593 3079 Bsoeho
603 3030 698 3093 puhlioo
709 3037 805 3091 sumptu
812 3044 878 3077 ssoss
886 3030 1000 3085 isoiesds,
1010 3037 1035 3079 et
1045 3035 1157 3079 essisset
1169 3031 1211 3077 rni-

114 3106 235 3160 sceodnm,
246 3110 270 3152 et
287 3106 370 3153 choros
381 3106 514 3153 dnoendosr
537 3106 641 3167 Apollini
652 3106 764 3151 melorum
773 3106 894 3166 depulsori
911 3108 1057 3153 nectendum
1068 3110 1160 3162 horem,
1171 3122 1210 3153 co·

112 3164 226 3239 roresque
237 3180 361 3239 gestandus
373 3188 418 3227 tum
431 3182 506 3228 serris
515 3196 584 3242 quern
595 3178 710 3239 ingenuis,
719 3188 866 3239 etpernnnrs
876 3181 937 3227 diem
947 3182 976 3228 sb
984 3196 1056 3242 opere
1068 3180 1194 3229 lsrisndnsn
1205 3198 1212 3228 s

113 3254 169 3302 Jori
180 3254 255 3303 clesio
266 3256 348 3302 horem
360 3255 437 3303 slhnnr
446 3254 617 3310 inrsnolsndmn.
1147 3271 1152 3277 ·
1206 3263 1210 3272 “

154 3390 200 3449 16.
222 3390 309 3461 Sunt,
319 3390 523 3462 Athenienses,
535 3391 638 3451 ethrec
648 3402 679 3451 et
690 3392 848 3451 sliumulte
856 3390 1208 3471 urbiproeclsruoreculn,

111 3481 189 3551 Quid
202 3482 290 3561 igitur
301 3482 371 3541 inde
384 3483 466 3542 vobis
480 3482 677 3561 colligendum
691 3480 758 3549 est?
781 3480 849 3541 Hoc
861 3482 995 3541 nimirum
1008 3501 1015 3540 :
1036 3482 1147 3561 relique
1159 3504 1208 3544 so-

109 3592 161 3635 crs
174 3573 240 3646 diis,
254 3575 304 3653 qui
318 3574 348 3633 in
362 3574 486 3653 siugulis
504 3574 631 3635 orsculis
651 3573 823 3633 nominatim
845 3572 1055 3651 exprimuntur,
1076 3572 1138 3651 lieri
1155 3576 1207 3655 ju·

108 3668 189 3740 beot,
203 3666 327 3727 choreas
339 3677 437 3727 eutem
450 3666 570 3740 ducere,
583 3666 734 3746 putrisque
744 3664 802 3726 ritu
816 3674 930 3744 gesture
940 3684 1075 3738 corones,
1088 3667 1206 3746 reliquis

108 3760 243 3819 omnibus
253 3758 506 3819 vaticinationibus
520 3768 661 3839 tunquam
673 3756 866 3838 appendicem
879 3755 1004 3818 sddunt
1026 3758 1140 3819 Chorus
1152 3760 1207 3836 igi-

108 3862 155 3911 tur
170 3849 334 3929 omnesqui
348 3850 525 3923 conveniunt
538 3861 569 3911 et
580 3869 635 3912 noe
647 3848 748 3911 sediles
759 3858 877 3911 constet
893 3849 950 3909 illis
972 3849 1087 3921 diebus,
1100 3847 1206 3926 qunus

108 3942 146 4003 ed
159 3943 262 4003 ludum
284 3943 521 4033 convenimupex
541 3943 624 4003 hisce
647 3940 783 4012 oraculis,
798 3960 852 4021 pro
864 3942 955 4001 sacris
967 3940 1064 3999 ornuri
1078 3941 1204 4013 coronis,

105 4054 161 4093 nec
172 4034 268 4094 minus
278 4053 344 4093 eum
352 4034 403 4113 qui
413 4044 576 4113 postremus
590 4034 730 4105 omnnium,
743 4053 831 4113 quern
844 4033 895 4112 qui
904 4033 998 4091 victor
1008 4040 1055 4089 est
1067 4030 1203 4091 futurus:

106 4124 153 4185 die
164 4134 262 4184 sutem
275 4125 418 4185 victoriali
431 4136 494 4187 tum
507 4123 626 4185 demum
635 4145 689 4205 pro
702 4145 768 4185 sese
780 4133 938 4206 coronetur
951 4122 1051 4181 victor.
1076 4118 1135 4188 Qui
1148 4121 1202 4200 igi·

105 4227 153 4275 tur
166 4217 195 4275 in
209 4216 334 4296 aliquem
349 4216 477 4291 echone,
488 4230 540 4277 eut
553 4217 679 4289 sedilem,
694 4216 762 4275 odio
774 4213 954 4293 impellente,
968 4212 1109 4289 impetum
1122 4211 1203 4286 fucit,

104 4307 134 4365 in
147 4307 209 4385 ipso
222 4308 379 4368 certamine
392 4310 564 4387 presertim,
577 4318 609 4368 et
621 4307 670 4367 dei
683 4306 803 4393 templo,
816 4324 884 4365 eum
896 4322 934 4362 ne
945 4302 1026 4361 uliud
1039 4320 1126 4383 quem
1140 4306 1206 4382 vioff

104 4398 183 4458 lesse
198 4398 365 4476 religionem
381 4393 533 4461 dicemus?
555 4398 632 4457 Illud
646 4398 734 4457 etiem
749 4396 839 4469 scitis,
849 4414 911 4469 vos,
928 4412 1095 4473 quenquam
1109 4397 1214 4464 velino
