2934 5000
556 599 991 698 DEMOSTHENIS

319 943 322 948 Ι
404 903 407 910 ,
448 823 887 902 onrnrnrror
920 825 981 900 111
1007 823 1071 924 (r).

273 1005 300 1069 l.
315 1005 445 1069 Mnnrrs
456 1010 534 1085 illud,
543 1011 750 1086 Athenienses,
758 1010 864 1072 divitiis
871 1030 924 1072 vos
932 1030 999 1072 esse
1006 1007 1176 1090 preleturos
1187 1007 1321 1082 utinm,

229 1099 334 1180 siquid
348 1121 365 1162 e
378 1103 529 1182 republica
540 1104 670 1166 futurum
683 1105 720 1166 sit
732 1105 904 1184 explioetur,
913 1102 1045 1164 inlris‘de
1055 1102 1161 1182 quibus
1172 1121 1252 1161 nuno
1264 1100 1320 1161 de·
1349 1123 1358 1138 ⁴
1465 1117 1466 1125 ¹

229 1191 356 1253 liberetis
367 1193 464 1254 rebus.
494 1195 584 1262 Quod
601 1215 668 1256 oum
680 1195 722 1256 its
742 1196 789 1268 sit,
801 1214 919 1274 seqnurn
932 1202 1025 1254 estut
1037 1192 1114 1252 ultro
1132 1201 1164 1252 et
1186 1191 1320 1252 alacriter

227 1284 339 1363 eosqui
353 1285 507 1345 eonsilium
520 1287 590 1348 dere
601 1287 706 1348 volunt
717 1285 864 1346 audietis:
884 1284 993 1344 etenim
1007 1304 1068 1342 non
1081 1284 1176 1343 solnm
1198 1282 1223 1342 ni
1245 1279 1316 1362 quid

228 1374 299 1434 ntile
309 1375 467 1436 meditatos
476 1377 542 1455 quis
555 1379 675 1448 venerit,
688 1377 719 1436 irl
733 1376 803 1433 lieet
814 1373 897 1432 vobis
918 1393 985 1432 enm
1002 1373 1150 1434 audieritis
1168 1371 1316 1452 implenti,

225 1468 419 1527 verumetiam
430 1478 536 1529 vestroe
550 1467 671 1526 fortune
679 1483 744 1526 esse
753 1473 835 1543 puto,
843 1463 975 1523 utmults
984 1483 1050 1543 quer
1062 1473 1132 1525 sunt
1140 1483 1215 1546 opus
1221 1463 1317 1525 subito

132 1554 139 1570 '
226 1557 375 1618 nonnullis
396 1557 427 1616 in
445 1567 572 1618 mentem
591 1555 689 1616 veniet
712 1553 804 1628 efferi,
824 1555 867 1616 its
886 1565 920 1615 ot
935 1553 1022 1617 focile
1040 1556 1123 1618 vobis
1137 1556 1176 1617 sit
1193 1575 1232 1616 ex
1249 1574 1316 1616 om·

227 1649 312 1709 nibus
325 1649 407 1708 utilio
418 1646 560 1727 deligere.

265 1743 297 1798 2.
320 1739 453 1798 Proesens
467 1737 555 1816 igitur
572 1736 699 1808 oocssio,
717 1735 922 1812 Athenienses,
938 1747 1053 1798 tentum
1072 1758 1132 1801 non
1152 1739 1318 1802 edimrooe

224 1831 341 1901 clamet,
347 1827 559 1908 vobismetipsis
568 1847 633 1888 esse
642 1847 743 1887 curem
757 1847 853 1888 rernm
861 1828 973 1888 illerum
983 1830 1208 1910 suscipiendum,
1218 1832 1244 1892 si
1253 1849 1317 1891 mo·

225 1919 266 1982 do
279 1933 383 1980 vestre
395 1917 525 1998 ipsorum
540 1917 642 1978 solutis
653 1919 795 1980 rationem
808 1918 959 1981 habentis:
981 1939 1037 1981 nos
1049 1940 1119 1982 vero
1137 1924 1236 1983 nescio
1246 1941 1322 2002 quo·

224 2012 314 2073 modo
327 2011 397 2070 mihi
408 2029 474 2070 esse
488 2009 620 2070 ridemur
633 2029 705 2090 erge
717 2011 781 2071 illos
795 2009 922 2072 mimeti.
957 2012 1035 2072 Sunt
1051 2023 1150 2074 sutem
1160 2032 1228 2092 quse
1245 2015 1318 2074 mihi

223 2101 341 2182 quidem
351 2101 576 2175 rideanturlroe,
585 2111 617 2162 et
625 2102 734 2164 auxilie
744 2102 806 2181 jem
814 2102 1073 2164 essedeoernends
1081 2115 1114 2164 et
1125 2123 1213 2183 qoem
1222 2106 1316 2167 oeler·

220 2195 293 2253 rime
306 2211 373 2253 esse
385 2193 589 2273 comparanda,
603 2203 636 2253 nt
647 2193 715 2252 hinc
724 2211 809 2272 opem
827 2192 927 2254 feretis
946 2203 977 2254 et
993 2213 1051 2254 non
1066 2195 1144 2255 idem
1157 2195 1317 2258 numitoris

222 2285 400 2364 quodetiam
413 2285 505 2365 prius,
518 2295 548 2346 et
560 2285 672 2365 legatos
685 2285 843 2345 mittendos
857 2305 933 2359 ense,
946 2287 996 2366 qui
1014 2286 1080 2346 hoec
1101 2287 1201 2349 dieunt
1217 2298 1249 2349 et
1268 2309 1316 2350 re·

221 2378 278 2438 bus
296 2375 435 2447 intersint,
450 2378 588 2455 quonism
608 2387 655 2438 est
676 2377 733 2437 lroc
746 2376 871 2437 monime
883 2376 1053 2452 timendum,
1067 2397 1104 2437 ne
1114 2379 1237 2439 collidus
1247 2399 1316 2440 oum

222 2470 260 2533 sit
272 2469 361 2530 homo
374 2467 431 2529 iste
444 2477 473 2529 et
486 2468 517 2527 in
534 2469 620 2529 rebus
636 2467 794 2543 tractandis
808 2487 910 2547 sngsx,
927 2470 1032 2549 pertim
1046 2469 1246 2546 coneedendo,
1263 2473 1315 2533 ubi

181 2620 184 2633 ,
221 2582 268 2623 res
279 2562 320 2621 itu
332 2560 441 2629 tulerit,
457 2560 561 2640 purtim
571 2560 830 2640 minitando—que
836 2560 954 2639 quidem
968 2561 999 2621 in
1010 2572 1094 2643 porte
1106 2582 1166 2624 non
1172 2564 1316 2625 immerito

221 2652 262 2712 illi
276 2651 350 2711 fides
363 2649 566 2723 habebitur-3
575 2650 681 2729 pertim
690 2669 746 2711 nos
766 2661 798 2711 et
813 2652 975 2711 absentiam
987 2663 1116 2713 nostrum
1124 2654 1315 2730 oriminondo,

77 2795 80 2806 .
213 2744 259 2805 'de
272 2762 387 2805 summe
396 2762 491 2803 rerum
504 2742 672 2804 intervertat
684 2742 794 2823 eliquid
807 2746 887 2804 etad
897 2764 954 2803 sere
966 2744 1093 2825 orripist.

263 2839 291 2895 3.
312 2835 422 2895 Verum
434 2833 507 2893 illud
519 2844 733 2914 peropportune
746 2835 836 2908 cedit,
846 2835 1051 2911 Athenienses,
1065 2846 1099 2897 ut
1111 2836 1191 2917 qnod
1200 2856 1314 2900 sommo

220 2928 349 3007 Philippi
360 2928 446 2986 rebus
459 2925 595 3006 presidio
606 2936 663 2997 est,
677 2926 756 2987 idem
769 2928 807 2988 sit
823 2930 909 2989 etism
922 2929 1004 2990 robis
1017 2930 1223 2993 utilissimum:
1244 2950 1314 2991 nom

220 3020 301 3099 quod
314 3020 424 3079 isunus
438 3017 536 3077 omnis
548 3027 579 3077 et
593 3036 701 3081 arcena
714 3028 745 3077 et
757 3029 859 3099 operto
870 3021 1047 3093 moderetur,
1058 3040 1094 3082 oo
1108 3022 1195 3082 simul
1208 3032 1241 3085 et
1251 3022 1314 3082 dux
1331 3046 1338 3053 ·

114 3100 120 3115 ⁰
220 3121 267 3171 est
280 3118 310 3169 et
322 3108 457 3169 (lominus
471 3118 502 3169 et
520 3118 660 3189 quantor,
673 3117 703 3169 et
723 3108 787 3188 ipse
808 3111 916 3190 ubique
928 3110 1014 3172 edent
1031 3114 1181 3185 exercitui,
1202 3113 1242 3172 ud
1262 3132 1311 3174 res

216 3202 339 3273 bellicen
352 3200 483 3261 celeriter
492 3210 524 3258 et
535 3200 705 3277 tempestive
727 3200 923 3261 conficiendas
942 3202 1066 3260 multum
1084 3204 1204 3280 quidem
1224 3204 1313 3279 votet,

218 3291 410 3377 pacificationi
424 3300 521 3351 sotem
533 3308 622 3368 quem
636 3288 660 3348 is
673 3287 778 3348 lubens
791 3308 860 3349 eum
868 3289 1015 3370 Olynthiis
1040 3292 1149 3353 feceret
1174 3294 1313 3357 edversa-

220 3397 277 3447 tur.
299 3385 386 3445 Certo
399 3382 477 3443 enlm
490 3382 588 3443 sciunt
601 3380 743 3462 Olynthii,
757 3400 790 3441 se
802 3400 863 3443 non
867 3382 930 3463 jem
944 3381 983 3443 de
995 3382 1089 3462 glorie
1106 3404 1163 3446 nec
1174 3385 1213 3445 do
1225 3406 1314 3467 egro·

219 3497 284 3541 rum
298 3476 396 3554 ulique
407 3484 498 3555 porte,
518 3492 618 3534 verum
632 3494 670 3534 ne
683 3482 828 3535 evertatur
844 3474 939 3555 petris
956 3494 1012 3534 sue
1036 3484 1125 3555 etque
1143 3478 1174 3535 in
1189 3480 1312 3541 servitis·

220 3581 280 3631 tem
292 3568 449 3647 redigetur,
461 3566 572 3626 bellum
583 3584 694 3645 gerere,
702 3575 733 3625 et
740 3575 848 3626 norunt
861 3566 948 3627 etism
958 3567 1105 3645 quomodo
1114 3588 1182 3627 eum
1190 3570 1313 3650 Amphi·

219 3660 319 3745 politis
336 3657 428 3737 egerit
450 3658 500 3738 qui
520 3658 620 3717 urbem
635 3658 662 3717 ei
683 3656 864 3719 tradiderant
886 3666 916 3716 et
935 3676 1004 3717 oum
1023 3657 1159 3738 Pydnaeis
1176 3662 1226 3741 qui
1245 3664 1314 3723 urle

219 3761 397 3833 receperent.
424 3750 462 3808 Et
472 3750 588 3812 omnino
602 3750 723 3810 infidum
737 3748 888 3831 quiddam,
907 3748 1019 3831 opinor,
1040 3752 1252 3834 rebuspubliois
1264 3773 1311 3817 re-

221 3848 271 3928 gie
282 3854 327 3906 est
338 3850 479 3923 potestus,
500 3842 659 3922 presertim
670 3841 695 3902 si
707 3840 857 3901 finitimam
870 3842 1016 3921 regionem
1029 3844 1139 3905 colent.

259 3944 290 4001 4.
302 3938 356 3998 llis
370 3934 457 4017 igitur
466 3934 497 3993 in
505 3934 607 3995 unimis
616 3933 720 3995 vestris
729 3934 836 4007 infixis,
846 3934 1053 4008 Athenienses,
1062 3936 1234 4015 ueterisque
1242 3956 1312 4017 quon

220 4036 328 4098 decent
339 4028 473 4093 omnibus
486 4018 663 4107 cogitetione
677 4026 906 4106 comprehensis,
919 4027 986 4089 dico
997 4046 1051 4088 vos
1065 4038 1097 4087 et
1108 4028 1242 4090 lubenter
1257 4049 1310 4090 ex-

218 4126 300 4191 citeri
314 4134 445 4205 oportere
458 4130 489 4181 et
500 4120 588 4194 bello,
602 4120 627 4179 si
639 4138 770 4198 unquam
792 4120 874 4193 elios,
893 4139 970 4180 nunc
982 4119 1108 4180 menime
1127 4120 1307 4195 incumbere,

219 4216 375 4301 pecuniam
393 4216 527 4277 eleoriter
539 4213 723 4299 conferentes
742 4224 773 4274 et
790 4212 870 4293 ipsos
894 4214 1052 4275 militantes
1072 4223 1103 4275 et
1127 4215 1210 4276 nulle
1225 4215 1256 4275 in
1276 4236 1309 4275 re

221 4309 399 4373 deficientes.
427 4306 519 4367 Nullo
532 4305 609 4366 enim
616 4306 679 4386 jum
692 4306 766 4367 retio
779 4306 872 4379 rolris,
884 4305 983 4366 nullus
996 4316 1168 4387 protentus,
1181 4326 1241 4387 qno
1254 4307 1310 4368 mi·

218 4422 276 4469 nus
294 4400 391 4463 officio
403 4399 486 4480 longi
499 4398 604 4475 velitis,
614 4398 792 4479 relinquitur.
833 4398 911 4460 Nom
923 4398 1004 4477 qood
1017 4418 1119 4462 omnes
1135 4398 1308 4479 jeotubstis,
