2934 5000
282 299 340 358 298
605 296 820 360 ADVERSUS
841 295 1063 360 mmm.

284 453 437 530 presentie
450 464 594 532 ageretur,
607 463 829 534 cognoscerent,
850 471 940 532 quum
957 453 1042 532 justu
1058 447 1266 530 indigestione
1281 469 1408 512 move-

283 551 400 606 rentur!
436 544 513 604 Nem
526 548 805 626 qussuuusquisque
821 565 854 605 rs
871 546 936 625 ipss
957 547 988 606 in
1005 563 1058 606 ros
1073 544 1223 604 beneficia
1244 545 1406 618 contudit,

284 637 322 695 de
335 637 392 696 illis
406 657 423 696 e
443 655 576 697 sermone
588 638 614 697 si
628 639 824 717 dijudicium,
834 648 866 698 et
876 656 924 697 res
937 637 1043 701 abillis
1055 636 1195 716 presclsre
1208 646 1318 713 gato,
1335 638 1366 696 si
1381 657 1403 696 s

283 730 368 788 nobis
382 730 634 804 melensrrentur,
647 731 756 790 frustm
765 733 802 790 sb
815 731 874 791 illis
881 740 1039 810 susceptus,
1048 731 1222 808 insignisque
1232 730 1399 790 laboribus

282 821 425 880 confectm
439 833 518 898 sunt,
533 843 570 881 eu
584 841 644 882 non
657 823 839 901 iniquissime
851 841 919 882 cum
933 823 991 883 illis
1003 823 1124 901 sgimrl

325 913 375 972 20.
397 913 437 972 Ut
451 923 546 973 eutem
561 915 694 983 vlulesds,
708 903 914 988 Athenienses,
926 929 982 975 nos
994 931 1095 974 revera
1108 913 1179 972 nilsll
1198 913 1295 992 iniqui
1318 931 1395 972 ors·

282 1001 362 1066 tione
383 1014 483 1065 nostre
504 1005 670 1083 complecti,
682 1023 779 1082 neque
799 1007 958 1084 quicquum
976 1006 1085 1075 dicere
1098 1023 1158 1082 quo
1177 1005 1280 1065 tecum
1298 1005 1393 1064 robis

281 1095 445 1156 sociemus:
465 1097 630 1156 recitabitur
650 1097 732 1156 robis
751 1117 787 1156 ee
804 1097 864 1168 lex,
885 1115 974 1172 quum
991 1096 1072 1156 illius
1091 1096 1169 1166 loco,
1189 1113 1279 1174 quem
1293 1113 1389 1174 repu-

258 1237 263 1248 .
283 1191 421 1251 dinndum
435 1189 567 1260 dicimus,
580 1189 815 1248 subnn'tnendum
836 1205 1001 1248 censemus.
1042 1187 1089 1245 Ex
1100 1187 1158 1245 huc
1178 1187 1257 1245 enim
1269 1204 1389 1264 cogno-

161 1267 170 1275 ·
282 1281 381 1355 scetis,
396 1299 474 1340 curse
488 1279 572 1340 nobis
586 1299 662 1354 esse,
672 1290 735 1338 tum
748 1299 786 1342 ne
798 1281 868 1357 quid
882 1299 934 1339 vos
948 1279 1102 1339 admittere
1115 1287 1198 1357 turpe
1210 1277 1384 1348 videamini,

282 1384 355 1447 tum,
368 1383 402 1433 ut
415 1375 440 1432 si
452 1373 517 1452 quis
531 1374 691 1432 immunem
703 1369 828 1449 aliquem
842 1371 1001 1442 insimulat,
1016 1369 1177 1430 adductum
1191 1371 1222 1428 in
1233 1367 1383 1449 judicium

278 1465 361 1548 opud
370 1483 433 1556 yos,
447 1465 471 1524 sl
485 1483 601 1544 sequurn
615 1463 662 1536 sit,
677 1463 809 1536 mulctet,
821 1475 895 1535 tum,
909 1475 941 1521 ut
960 1471 1094 1541 potestus
1102 1461 1384 1522 uumuuiuuiseou·

282 1558 423 1618 cedendas
435 1567 532 1617 vestre
549 1557 594 1625 sit,
609 1555 689 1634 quod
702 1573 818 1632 requum
842 1573 908 1614 esse
926 1571 1014 1613 nemo
1027 1553 1155 1630 negorit,
1168 1561 1243 1622 tum,
1257 1560 1296 1610 ut
1306 1553 1383 1610 bene

282 1651 378 1711 meriti
389 1651 450 1710 suis
464 1649 588 1728 premiis
603 1665 704 1708 secure
718 1649 861 1708 fruentur.
883 1647 947 1706 Nec
959 1645 1062 1706 luorum
1077 1645 1206 1704 omniurn
1218 1645 1380 1722 quinquen

282 1753 416 1802 nostrum
430 1750 486 1810 est,
504 1759 597 1818 nuper
621 1731 741 1799 euobis
758 1740 973 1818 excogitatum:
995 1737 1049 1798 sed
1070 1739 1192 1816 entique
1210 1736 1270 1807 les,
1291 1755 1378 1816 quum

281 1833 337 1892 iste
351 1833 452 1901 violat,
464 1831 506 1891 sie
518 1831 601 1909 leges
610 1831 684 1891 ferre
695 1834 797 1908 jubet:
812 1832 974 1909 primum,
996 1831 1026 1889 si
1044 1849 1118 1908 qus
1136 1839 1301 1908 recepte
1320 1831 1378 1888 lex

282 1925 377 1984 mule
396 1923 580 1994 videatur,
602 1942 680 1981 eum
702 1931 743 1981 ut
772 1931 938 1996 accuset,
959 1922 1104 1993 deinde,
1124 1920 1379 1999 illrssbrogu·

283 2023 329 2085 ta,
351 2025 390 2071 ut
418 2013 498 2092 ipse
526 2013 633 2071 eliam
663 2013 880 2085 substituat,
900 2031 967 2073 vos
987 2030 1071 2073 vero
1090 2013 1272 2089 potiorem
1294 2031 1377 2090 prus-

281 2101 430 2163 deretis.
472 2101 536 2162 Nec
547 2104 622 2162 enim
636 2100 722 2172 Solo,
738 2122 829 2181 aquo
841 2104 907 2162 hoec
917 2103 1101 2162 ferendorum
1115 2103 1215 2182 legum
1225 2104 1302 2161 ratio
1313 2121 1378 2182 pro

283 2185 380 2274 posita
392 2203 447 2264 est,
457 2194 574 2252 censuit
587 2195 727 2262 servires,
743 2190 794 2271 qui
816 2190 916 2284 legum
937 2193 1033 2269 gratie
1053 2191 1130 2251 lone
1146 2203 1293 2263 creantur,
1307 2195 1377 2252 inire

281 2287 485 2364 magistratum
499 2294 642 2366 oportere,
656 2302 715 2343 non
738 2284 819 2361 prins
831 2303 919 2361 quem
934 2283 981 2342 bis
998 2283 1113 2360 probuti
1132 2293 1242 2354 essent,
1255 2303 1324 2343 curn
1345 2285 1376 2343 in

217 2435 219 2440 ,
284 2377 406 2448 Senatu,
419 2385 481 2434 tum
493 2373 572 2454 apud
586 2393 639 2434 ros
649 2374 679 2433 iu
689 2375 818 2456 judicio:
838 2375 920 2452 leges
929 2391 1002 2432 vero
1013 2375 1104 2454 ipses,
1113 2374 1151 2433 sd
1165 2367 1286 2453 querum
1300 2395 1374 2454 prm·

282 2468 433 2549 scriptum,
448 2477 479 2528 et
492 2465 534 2527 eis
553 2465 756 2545 magistratum
775 2476 886 2544 gerere,
907 2476 937 2525 et
960 2465 1024 2527 eliis
1045 2465 1077 2525 iu
1099 2466 1250 2546 republica
1271 2468 1375 2527 remen

282 2562 429 2631 convenit,
444 2570 554 2619 temere
576 2578 610 2619 ec
632 2558 750 2617 fortuito
772 2557 859 2630 letus,
877 2557 1048 2637 priusquam
1068 2560 1374 2629 examinatae-runs

283 2667 347 2712 esse
358 2656 502 2731 oportere.
544 2648 622 2709 Nam
642 2643 697 2708 illis
718 2649 897 2728 temporibus
909 2648 976 2707 lutee
990 2649 1064 2709 retio
1082 2660 1161 2709 eret:
1182 2649 1296 2708 utletis
1309 2660 1374 2711 rute

281 2741 395 2821 legibus
415 2752 575 2813 uterentur,
588 2758 680 2799 noves
694 2755 764 2801 vero
781 2740 879 2799 nullus
892 2742 1009 2801 ferrent.
1051 2742 1212 2819 Postqnsnr
1224 2760 1296 2800 uero
1312 2742 1374 2820 qui·

283 2832 349 2889 dnm
363 2854 380 2891 e
394 2833 621 2908 mugistmtilius,
636 2831 686 2911 qui
708 2848 832 2909 magnes
856 2850 925 2911 opes
946 2833 1105 2905 hebebant,
1128 2841 1162 2891 ut
1180 2851 1238 2910 ego
1257 2832 1373 2910 quidem

281 2920 379 2992 sudio,
389 2920 584 2999 perfecerunt,
595 2932 629 2981 ut
641 2922 722 2999 leges
736 2922 792 2981 sibi
806 2922 880 2981 terre
895 2920 1005 2996 liceret,
1015 2922 1292 3001 quandocunqueet
1302 2942 1371 3002 quo·

281 3028 396 3089 cunque
409 3010 498 3070 modo
508 3010 619 3070 libitum
631 3022 729 3072 esset:
752 3020 797 3071 tot
808 3012 926 3072 interse
937 3014 1090 3072 corruerim
1100 3014 1181 3091 leges
1191 3015 1371 3085 exstitemut,

280 3114 314 3161 ut
327 3120 378 3163 vos
391 3100 525 3180 deligatis
538 3102 662 3179 aliquos,
681 3104 731 3181 qui
751 3103 877 3182 jamdiu
891 3104 963 3163 nihil
977 3104 1057 3164 elirud
1073 3114 1177 3182 egunt,
1190 3104 1246 3164 nisi
1259 3116 1294 3166 ut
1306 3127 1371 3167 oon·

278 3194 381 3255 turias
395 3194 529 3273 seligant,
539 3204 569 3253 et
581 3194 623 3254 rei
636 3192 724 3273 hujus
734 3195 827 3255 nihilo
840 3206 939 3253 temen
956 3197 1050 3274 magis
1063 3197 1162 3257 exitus
1175 3197 1280 3275 uliquis
1292 3218 1371 3277 rspe-

278 3288 369 3357 titum
391 3306 487 3367 neque
499 3286 654 3367 quicquum
669 3306 790 3366 prorsus
801 3306 821 3345 n
833 3288 1095 3348 senatusconsultis
1119 3289 1201 3368 loges
1225 3289 1369 3360 differunt,

279 3380 355 3440 adeo
367 3391 401 3439 ut
413 3380 506 3467 leges,
522 3380 562 3439 ud
574 3394 697 3458 quarum
711 3378 914 3458 prescriptum
937 3380 1195 3463 senatusconsultu
1216 3381 1303 3441 scribi
1322 3383 1370 3442 de·

278 3472 358 3542 bent,
371 3472 439 3550 ipsiu
453 3470 717 3535 senatusconsultis
735 3471 794 3532 sint
806 3472 992 3532 recentiores.
1029 3471 1075 3533 Ut
1086 3471 1176 3552 igitur
1188 3489 1249 3532 uou
1261 3482 1370 3533 mum·

277 3558 367 3619 'v'erbe
380 3560 511 3632 efferam,
524 3563 578 3623 sed
600 3560 696 3643 legem
713 3562 821 3643 ipsum,
836 3564 874 3623 de
886 3580 946 3642 qus
958 3563 1071 3643 loquor,
1084 3564 1250 3625 ostendeus.
1292 3564 1370 3645 oque

275 3648 385 3754 legem,
399 3672 458 3733 qun
467 3654 614 3733 quondam
628 3654 838 3735 legumlatores
850 3654 1115 3718 consumebantur.
1157 3656 1273 3718 Recita.

783 3868 872 3929 LEX.

315 4018 365 4080 21.
387 4016 561 4100 intelligitis,
581 4020 784 4093 Athenienses,
799 4040 858 4101 quo
871 4031 970 4102 poeto,
984 4034 1018 4084 et
1027 4041 1116 4103 quum
1131 4022 1276 4103 muclone
1287 4023 1367 4103 leges

275 4114 349 4173 ferre
371 4113 442 4173 Solo
461 4114 581 4192 jubent:
603 4114 726 4191 primum
746 4113 827 4192 opud
846 4134 907 4187 vos,
932 4116 983 4196 qui
1000 4116 1093 4194 jurati
1113 4117 1193 4188 estis,
1207 4117 1285 4198 opud
1297 4135 1368 4196 quos

275 4204 432 4264 etiamalio
446 4206 661 4277 confirmantur,
674 4202 783 4263 deinde
793 4206 943 4265 contrariis
952 4207 1070 4285 legibus
1080 4204 1230 4287 ebrogmis'
1238 4229 1249 4268 r
1269 4208 1368 4267 utsin·

270 4292 351 4373 ‘gulis
373 4297 411 4358 de
434 4300 520 4360 rebus
541 4298 623 4379 leges
645 4298 769 4377 singule
793 4300 860 4371 sint,
882 4317 982 4379 neque
1008 4302 1141 4362 homines
1165 4300 1315 4383 imperitos
1332 4301 1364 4360 id

271 4386 377 4461 turbet,
391 4398 422 4448 et
434 4391 542 4473 efficiet
563 4402 597 4453 ut
617 4390 759 4451 deteriore
778 4392 947 4454 conditione
959 4392 1031 4452 *siut
1049 4394 1203 4473 quemqui
1220 4393 1364 4453 unium
