2934 5000
268 389 271 396 ,
359 311 709 382 taurinorum
731 296 982 380 auerrione„
1162 321 1222 378 275

27 517 29 524 ·
114 463 218 536 vereor
232 491 297 535 ente
310 475 453 556 quondam
469 485 499 535 et
508 492 640 536 morosos
655 475 684 534 in
697 477 771 533 urbe
784 463 928 546 hominen,
943 481 1049 533 utnon
1063 471 1219 534 erubesce·

116 576 187 627 rent
201 565 228 626 ei
241 567 373 626 convicia
382 567 491 638 dicere,
504 577 536 627 et
549 567 705 640 barbarum
718 584 787 624 eum
799 567 937 631 vocitare.
1169 611 1173 618 .
1205 608 1208 614 .

146 659 195 717 86.
208 656 483 738 Fleripoteetigitur
491 668 525 718 ut
533 658 612 718 idem
622 658 675 729 vir,
685 656 742 715 illis
752 655 1220 736 sermonibueantebabitinpon,
1274 709 1281 718 .

117 747 182 808 herc
196 749 293 808 dicere
308 767 368 809 non
383 739 556 821 dubitasset,
565 749 621 809 nini
635 759 789 827 corruptae
801 749 883 808 emet
895 748 1127 828 largitionibnsl·
1138 749 1220 817 Quid

113 841 206 900 cerel
226 841 290 900 inne
303 840 354 918 qui
367 839 527 899 Atrectidae
540 849 603 898 tum
613 841 740 899 inlectus
749 841 805 900 tuit
817 851 934 920 propter
944 841 1102 921 Olynthios
1111 859 1218 918 pueroe

113 943 150 992 et
163 931 358 1004 mulierculas,
372 949 451 991 nnnc
465 931 582 1010 adjutor
596 930 771 990 Philocratis
785 951 851 991 enee
872 951 931 990 non
947 932 1073 1003 dubitat,
1092 933 1143 1009 qui
1155 951 1220 992 mu·

118 1022 204 1084 lieren
224 1023 381 1104 Olynthius
402 1023 545 1102 ingenuae
566 1021 605 1080 ed
619 1020 770 1080 libidinem
789 1022 848 1082 buo
867 1022 1009 1082 adduxit?
1027 1023 1079 1101 qui
1096 1025 1136 1082 ob
1149 1023 1218 1083 titee

116 1114 309 1196 petulantiam
324 1116 368 1176 nic
383 1115 518 1185 innotuit,
532 1125 567 1173 ut
578 1114 649 1174 mihi
662 1103 746 1172 nulla
760 1117 823 1189 jam
841 1115 904 1193 ejur
918 1116 1028 1193 flagitia
1040 1134 1218 1177 commemo·

115 1207 208 1266 rande
221 1209 289 1277 nint,
302 1207 507 1279 anticamera,
521 1208 572 1266 ned
587 1207 612 1268 ai
626 1206 865 1277 tantumdixero,
881 1206 1147 1268 Philocmtemhuc
1161 1209 1218 1270 du·

108 1297 194 1390 xxime
205 1297 351 1370 mulieres,
359 1317 461 1358 omnes
472 1317 526 1358 roc
535 1309 566 1359 et
575 1289 625 1358 eos
637 1297 687 1378 qui
697 1297 898 1368 circumstant,
908 1308 1007 1356 cetera
1014 1299 1217 1370 nomenoium,

114 1399 147 1448 et
160 1389 262 1448 dolere
277 1388 372 1449 vicem
385 1390 544 1450 infelicium
556 1400 586 1449 et
597 1391 829 1449 aerumnosarum
845 1388 1016 1459 mulierum,
1026 1407 1148 1465 quarum
1166 1391 1217 1448 Ε·
1313 1432 1319 1438 -

115 1473 235 1540 mhine's
249 1499 309 1538 non
319 1479 483 1549 miteretur,
493 1499 548 1540 nec
558 1481 588 1538 in
598 1499 647 1540 eae
660 1479 788 1552 intuens,
803 1478 948 1539 Graciam
961 1479 1105 1558 deplorat,
1119 1480 1145 1538 ei
1158 1479 1217 1539 itlae

115 1569 197 1649 apud
210 1571 306 1631 eonion
319 1570 457 1650 elegatis
470 1572 679 1631 contumelione
690 1580 844 1643 vexantur,
863 1589 934 1630 eune
946 1570 1065 1648 quidem
1083 1571 1218 1632 fortunae

116 1661 332 1734 lamentabitur,
345 1681 415 1721 cum
430 1661 471 1722 ita
485 1681 517 1722 ee
530 1663 560 1720 in
575 1663 722 1742 legatione
735 1662 870 1740 gennerit,
884 1672 915 1722 et
931 1662 1071 1741 puerulos
1084 1663 1217 1723 iortauic

112 1762 253 1825 acoenet,
267 1762 297 1812 et
309 1752 459 1832 producet.
480 1754 544 1812 Vos
557 1763 655 1812 numm
665 1753 844 1831 cogitabitis,
852 1752 981 1832 judione,
991 1754 1020 1812 in
1031 1764 1165 1833 respectu
1179 1755 1218 1815 ad
1346 1753 1357 1806 f

113 1843 198 1904 istinc
216 1844 331 1915 liberoe,
352 1845 509 1904 multorum
531 1843 675 1906 sociomm
696 1855 857 1903 vestrorum
880 1855 910 1902 et
928 1845 1087 1904 amicorum
1109 1845 1216 1905 liberos

111 1953 219 2006 errare,
236 1945 267 1996 et
289 1935 441 1996 mendicos
459 1935 622 2006 circumire,
641 1935 798 1994 crudeliter
810 1937 959 1995 'macutus
977 1947 1095 2015 propter
1109 1937 1215 2006 ietnm3

112 2045 238 2106 quorum
247 2045 300 2086 vos
313 2026 442 2086 misereri
454 2026 547 2084 multo
560 2033 607 2084 eet
620 2025 746 2104 aequius,
755 2044 844 2101 quam
857 2037 993 2086 natorum
1005 2029 1048 2086 ita
1061 2027 1217 2088 facmomai

112 2127 146 2176 ct
159 2116 313 2196 proditorie
322 2117 424 2195 patris,
434 2123 465 2173 et
473 2125 635 2174 vestrorum
643 2116 767 2174 liberum
777 2116 828 2192 qui
839 2120 954 2177 suntab
965 2119 1039 2189 ietia,
1052 2121 1102 2198 qui
1111 2120 1216 2198 pacem

112 2209 154 2269 ad
166 2217 300 2287 posteros
309 2225 425 2285 quoque
438 2205 641 2276 extenderunt,
654 2205 743 2264 etiam
753 2224 806 2283 epe
817 2207 942 2290 fortunae
953 2209 1081 2268 melioria
1089 2210 1215 2288 spoliati.

112 2301 209 2379 {peine
223 2309 322 2360 nutem
334 2299 478 2377 lacrymae
487 2297 642 2366 intuenten,
655 2315 708 2354 ros
717 2315 802 2355 nuno
815 2295 923 2355 habere
936 2297 1084 2358 hominem
1098 2301 1149 2378 qui
1161 2319 1215 2361 voe

105 2393 198 2468 junxit
209 2391 323 2450 mittere
336 2391 366 2448 in
381 2389 549 2460 Arcadiam,
562 2389 612 2466 qui
627 2386 755 2465 Philippi
768 2386 917 2448 'etudiocoe
929 2394 1114 2448 accusarent.
1326 2456 1331 2462 ,

154 2487 203 2561 87.
227 2477 317 2547 Nunc
335 2485 423 2567 igitur
444 2483 517 2544 nihil
537 2492 584 2544 est
602 2499 723 2543 necesse
746 2482 860 2560 legator
878 2482 994 2543 mittere
1013 2483 1044 2543 in
1067 2483 1216 2563 Pelopon·

110 2598 227 2652 netum,
241 2590 292 2639 aut
304 2578 495 2657 longinquum
510 2577 564 2637 iter
577 2574 737 2655 concipere,
751 2584 804 2636 aut
816 2575 955 2636 viaticum
968 2577 1149 2656 impendere,
1162 2571 1226 2637 ned*

105 2646 187 2733 illud
199 2672 352 2742 duntaxat,
367 2680 400 2730 ut
414 2668 614 2748 unusquisque
627 2677 758 2729 vestrum
772 2688 867 2748 neque
884 2669 924 2727 ad
937 2667 1063 2729 tribunal
1078 2688 1214 2749 progres-

111 2782 176 2837 ene,
189 2778 329 2829 nanctum
342 2773 373 2821 et
392 2779 510 2840 oequum
529 2761 698 2839 suffragium
712 2761 787 2820 ierat
806 2781 860 2839 pro
877 2762 981 2841 patria,
1000 2773 1106 2824 eontra
1120 2763 1215 2821 homi·

112 2874 191 2930 nem,
205 2858 265 2935 qui,
281 2852 544 2924 odiiimmortalee,
553 2872 621 2913 curn
634 2852 710 2923 illas,
720 2852 758 2911 de
768 2852 874 2931 quibua
885 2853 966 2912 initio
975 2854 1047 2927 dixi,
1057 2854 1214 2914 concionex

63 2934 68 2943 ’
110 2945 256 3018 habuerit,
263 2947 300 3006 de
312 2946 496 3014 Marathone,
506 2945 543 3002 de
556 2944 712 3013 Salamine,
721 2943 759 3001 de
768 2944 933 3021 praeliie‚de
942 2945 1213 3025 triumphie,etatim

109 3048 147 3098 ut
164 3038 372 3097 Macedoniam
391 3035 499 3113 attigit,
515 3033 613 3091 omnia
629 3034 675 3092 hie
698 3036 845 3095 conneria
865 3036 955 3094 dixit:
975 3056 1036 3096 non
1056 3037 1214 3097 recordan-

108 3129 185 3187 dum
199 3146 264 3187 eene
277 3132 428 3201 majorum,
445 3144 507 3184 non
525 3123 686 3201 triumphos
700 3125 871 3194 narrandos,
890 3128 998 3186 nemini
1012 3147 1098 3206 opem
1118 3128 1215 3189 leren-

106 3216 195 3289 dem,
213 3234 274 3277 non
287 3210 477 3275 communiter
491 3234 558 3273 cum
578 3214 692 3274 Groecie
706 3216 945 3287 nonnultandum,
966 3227 1078 3281 tantum
1092 3238 1155 3277 non
1169 3221 1213 3278 di·

110 3309 242 3371 ruendoe
255 3326 321 3367 eene
335 3322 444 3365 muron.
464 3306 577 3369 Quibus
591 3306 737 3365 oratione·
749 3306 831 3365 nullo
846 3326 976 3385 unquam
991 3318 1121 3387 tempore
1134 3310 1214 3388 apud

109 3422 167 3465 eos
179 3402 288 3461 habitae
302 3408 372 3460 eunt
383 3398 530 3459 fodioree.
554 3397 624 3465 Quin
638 3408 684 3457 eet
697 3399 774 3456 enim
788 3400 960 3458 Graecorum
973 3410 1005 3459 et
1018 3401 1213 3462 Barbarorum

110 3496 156 3557 ita
173 3512 296 3570 vaecors,
311 3500 364 3551 aut
375 3490 525 3569 imperitus
547 3506 652 3559 rerum,
673 3498 725 3549 aut
741 3508 837 3568 neque
855 3491 932 3550 adeo
950 3502 1058 3557 nostrae
1077 3496 1142 3555 urbi
1160 3495 1214 3555 ini.
1306 3492 1310 3501 ’

112 3585 289 3663 micum-qui,
300 3584 325 3643 ui
340 3583 404 3661 quie
417 3591 512 3661 roget,
526 3598 591 3658 age,
606 3578 652 3640 dic
666 3580 746 3659 mihi,
761 3581 825 3660 ejus
839 3581 962 3641 Graeciae
976 3604 1043 3662 quoe
1062 3606 1143 3646 nunc
1156 3599 1213 3660 eet,

112 3689 202 3757 etque
221 3676 368 3747 incolitur,
382 3684 467 3733 eetne
479 3673 542 3732 ulln
559 3684 638 3752 para,
655 3692 722 3751 qun
739 3692 847 3733 nomen
863 3694 948 3735 nuum
965 3679 1113 3750 retineret,
1126 3691 1213 3756 atque

113 3770 288 3831 incoleretur
298 3770 338 3827 ab
350 3766 384 3825 iia
396 3766 445 3844 qui
459 3784 537 3824 nuno
554 3782 618 3825 earn
637 3764 770 3824 obtinent
784 3764 908 3837 Grecis,
919 3767 976 3829 nini
988 3768 1018 3827 in
1036 3770 1214 3834 Marathone

114 3876 146 3924 et
157 3864 203 3925 ad'
217 3862 396 3923 Salaminem
416 3860 540 3939 majores
553 3858 644 3919 nostri
657 3878 711 3939 pro
726 3858 768 3919 eie
781 3870 866 3920 tanta
877 3860 984 3921 virtute
1004 3860 1213 3922 dimicassent?

115 3958 211 4017 Nemo
220 3956 253 4015 id
266 3954 393 4033 quidem,
409 3954 481 4012 natis
500 3950 571 4023 ecio,
585 3950 705 4011 dixerit:
728 3952 781 4011 ned
798 3952 872 4012 illud
886 3953 973 4013 fuitne
986 3955 1126 4023 iutumnr,
1139 3963 1173 4011 ut
1193 3972 1213 4012 a

112 4050 246 4109 barbarie
269 4047 334 4107 herc
357 4045 456 4105 omnia
476 4036 658 4123 caperentur.
692 4044 808 4109 Quibus
820 4044 911 4122 igitur
926 4044 1062 4103 laudibus
1077 4054 1109 4101 et
1126 4062 1212 4129 orna·

113 4140 221 4201 mentia
233 4138 353 4199 illos'vel
367 4138 495 4197 hostium
511 4156 597 4197 nemo
611 4136 754 4215 spoliarit,
766 4145 865 4195 eorum
879 4154 932 4193 uos
946 4133 1097 4193 AEechinea
1112 4136 1211 4195 memi-

111 4232 194 4291 nisee
206 4250 264 4290 non
275 4228 356 4301 sinit,
367 4228 482 4287 illorum
495 4240 637 4307 posteros,
652 4237 684 4286 ut
697 4228 761 4305 ipse
774 4228 908 4285 n’ummoa
922 4224 1067 4303 accipiat?
1096 4226 1141 4284 Ae
1155 4226 1213 4289 ulia
1323 4244 1333 4281 l

101 4322 235 4403 ⁴quidem
246 4324 325 4381 bona
337 4319 409 4379 nihil
420 4319 543 4379 attinent
557 4316 596 4377 'ad
610 4317 785 4377 defunctos:
806 4323 838 4374 at
849 4332 944 4373 rerum
961 4315 1101 4393 preclare
1114 4328 1212 4397 geata-

114 4431 183 4477 rum
197 4410 310 4489 laudes,
322 4430 423 4489 eorum
443 4410 494 4488 qni
509 4409 552 4473 tic
566 4408 723 4488 oppetiere,
739 4406 855 4487 propria
868 4415 939 4467 aunt
951 4408 1095 4486 poeneseio
1108 4414 1212 4490 (neque
