2934 5000
539 261 596 320 ns
615 257 799 332 conone.
892 331 895 338 ,
1153 255 1209 322 sor
1284 329 1287 336 ,

123 408 180 470 rios
193 427 258 471 esse
271 410 406 490 potitam,
421 411 615 493 frumentique
627 415 708 495 qood
728 414 769 474 sd
789 412 912 474 Grecos
925 411 1148 490 supportabetur
1158 409 1212 488 dp·

123 499 234 559 minum
248 519 314 560 esse
325 501 445 576 laetum,
458 505 569 566 bellum
583 506 736 568 finitimum
757 514 844 584 etque
857 514 941 564 etrox
954 521 1004 582 per
1016 500 1173 562 Thebanos
1183 499 1215 560 in

120 590 252 650 Atticam
267 593 424 667 invectum,
442 616 521 657 mare
534 610 653 678 propter
666 597 838 677 praedonum
857 615 895 655 cx
913 595 1027 654 Euboea
1048 592 1214 671 eruptiones

120 680 325 760 navigantibus
336 705 402 746 esse
412 687 564 748 clausum?
607 686 712 750 Nonne
724 689 790 748 boec
804 688 936 748 dicerent
945 685 1062 764 aliaque
1075 693 1216 770 prosterne

120 771 236 832 multai
258 774 404 854 Improba,
412 779 616 850 Athenienses,
626 781 758 860 improba
767 799 881 858 semper
895 797 941 838 res
954 787 1001 836 est
1013 773 1213 846 calumniator,

119 871 150 924 ct
158 862 354 941 undecunque
367 867 512 944 malignus
522 879 552 926 et
561 871 734 927 orirninandi
748 869 891 948 cupidus·
913 871 968 928 iste
981 877 1077 930 autern
1091 867 1215 949 homun-

120 953 206 1012 culus
225 963 255 1012 et
268 964 371 1012 natura
383 955 482 1014 bellue
494 965 551 1026 est,
563 957 612 1034 qui
630 958 701 1016 nihil
715 978 843 1034 unquam
863 979 883 1018 a
903 960 996 1037 prima
1009 937 1096 1018 estete
1110 957 1215 1018 sinceri

120 1043 200 1114 fecit,
221 1043 294 1102 nihil
317 1045 409 1104 libero
433 1044 525 1123 digni,
547 1046 630 1106 simia
652 1047 859 1124 tragoedorum,
879 1051 1008 1108 rusticus
1039 1049 1215 1116 OEnomaus,

121 1133 304 1192 adulterinus
318 1145 425 1194 orator
468 1133 548 1202 Quid
560 1136 702 1200 enimtua
713 1134 830 1195 dicendi
850 1134 973 1195 facultas
987 1136 1109 1212 patriam
1118 1135 1216 1212 juviti

119 1222 210 1282 Nunc
234 1233 269 1284 tu
291 1226 375 1285 nobis
399 1226 437 1286 de
456 1226 610 1304 praeteritis
632 1228 723 1286 rerba
747 1223 843 1286 iacis?
884 1222 970 1282 Ut'
947 1243 971 1282 ιι
993 1226 1059 1302 quis
1072 1228 1215 1300 medicus,

120 1314 420 1392 mgrisintereadom
438 1328 582 1396 aegrotent
600 1319 760 1396 ingressus,
781 1335 840 1376 non
865 1316 945 1376 dicat
961 1335 1057 1394 neque
1072 1314 1216 1390 ostendet,

121 1404 271 1480 quomodo
280 1407 382 1466 morbo
394 1408 565 1481 liberentur,
578 1410 632 1473 sed
643 1409 694 1468 nbi
708 1407 813 1468 obierit
826 1425 925 1468 eorum
940 1407 1044 1484 aliquis
1064 1409 1149 1487 eique
1169 1413 1218 1488 ju·

123 1502 172 1552 ste
183 1494 293 1555 funeris
307 1497 456 1558 solvantur
457 1519 599 1577 ,pompam
612 1500 653 1560 ad
663 1501 828 1580 sepulcrum
842 1508 960 1586 secutus
981 1497 1092 1576 prolixe
1111 1511 1218 1576 narret,

122 1583 158 1642 si
189 1583 259 1645 boc
288 1598 326 1648 et
352 1589 456 1649 illud
484 1589 657 1652 lecisset
686 1591 797 1653 homo
827 1589 916 1663 iste,
937 1581 1012 1650 non
1033 1587 1218 1652 obiisset.
1268 1653 1275 1658 ,

10 1682 14 1688 ’
125 1671 308 1753 smpefscte,
320 1699 399 1741 nunc
412 1679 529 1742 demum
539 1681 688 1762 loquensl

164 1768 213 1826 72.
234 1767 303 1829 Jam
316 1791 385 1830 vero
399 1792 437 1832 ne
449 1773 563 1834 cladem
575 1775 695 1852 quidem
707 1773 873 1837 illem-si
866 1794 895 1834 m
905 1794 941 1836 ee
950 1773 1091 1847 exsultas,
1100 1785 1220 1854 propter
1284 1837 1293 1846 ‚

122 1876 211 1936 quam
229 1860 421 1940 ingemiscere
438 1875 478 1938 te,
499 1885 517 1933 o
537 1867 646 1940 scelus,
661 1866 943 1946 oportebat-ullam
963 1867 1001 1926 ob
1022 1885 1081 1928 rem
1102 1885 1169 1945 quer
1189 1867 1219 1926 in
1242 1921 1250 1942 ,

121 1969 191 2012 mea
202 1963 350 2031 potestate
363 1958 420 2017 sita
431 1959 489 2018 fuit
512 1960 673 2040 contigisse
686 1960 840 2022 invenietis
855 1957 1031 2037 reipublicae.
1063 1959 1110 2021 lta
1120 1969 1219 2020 autem

121 2059 185 2098 rem
198 2045 379 2121 perpendite.
422 2048 574 2127 Nusquam
588 2070 655 2128 eqo,
665 2069 840 2128 quocunque
853 2049 970 2127 legatus
986 2049 1099 2109 avobis
1112 2049 1217 2108 missus

125 2150 203 2204 snm,
213 2134 306 2206 victus
318 2155 447 2212 unquam
460 2138 584 2199 discessi
597 2159 615 2198 a
628 2140 755 2218 Philippi
775 2140 890 2218 legatis,
911 2160 971 2198 non
994 2159 1030 2198 ex
1055 2135 1219 2213 Thessalia,

124 2239 187 2280 non
201 2241 236 2280 ex
251 2225 418 2298 Ambracia,
431 2247 491 2286 non
505 2231 542 2288 ab
557 2225 676 2308 Illyriis,
690 2248 750 2289 non
767 2229 930 2290 aThracioe
944 2231 1072 2306 regibus,
1085 2249 1144 2290 non
1158 2232 1220 2309 By-

124 2313 232 2384 zantio,
244 2334 303 2374 non
315 2316 378 2374 ullo
391 2318 449 2378 alio
461 2339 499 2377 ex
511 2319 588 2388 loco,
601 2338 662 2378 non
684 2319 810 2398 denique
831 2339 921 2398 nuper
943 2319 1066 2386 Thebis:
1089 2321 1141 2378 sed
1155 2322 1220 2398 qui·

123 2406 181 2464 bus
194 2405 224 2462 in
237 2408 324 2466 rebus
336 2407 401 2486 ejus
415 2409 504 2487 legati
513 2409 580 2469 victi
599 2410 713 2475 luerent
723 2413 823 2482 uerbo,
837 2412 890 2472 has
910 2411 958 2472 ille
978 2411 1063 2471 armis
1084 2431 1221 2492 superre-

123 2498 207 2560 niens
220 2496 378 2583 eqert'ebat.
420 2502 495 2563 lloec
508 2515 539 2563 tu
553 2503 641 2582 igitur
654 2523 673 2563 n
686 2522 732 2562 me
746 2506 864 2582 repetis,
879 2523 972 2581 neque
992 2514 1022 2565 te
1036 2505 1129 2583 pudet
1147 2503 1220 2565 eun-⁸

124 2590 191 2649 dem
211 2591 360 2651 hominem
381 2595 420 2653 ob
445 2594 594 2656 mollitiem
608 2594 749 2656 vellicare
756 2604 847 2669 utque
861 2612 964 2655 omnes
980 2594 1107 2671 Philippi
1120 2598 1220 2674 copiae
1242 2592 1249 2603 '

127 2699 202 2740 unus
215 2682 264 2742 ille
279 2694 397 2762 superet
408 2684 581 2763 postulare?
600 2684 690 2761 idque
703 2682 815 2751 verbis:
837 2683 909 2762 quid
922 2682 999 2741 enim
1019 2682 1098 2743 aliud
1112 2684 1141 2743 in
1155 2704 1222 2747 mea

125 2782 271 2849 potestate
281 2777 410 2883 positum
424 2777 508 2836 erati
528 2776 678 2837 nonenim
692 2777 790 2845 anima
802 2794 897 2853 neque
910 2774 1027 2835 fortune
1047 2778 1221 2853 cujusquam

126 2868 339 2943 eorumquiin
361 2870 424 2929 acie
446 2879 596 2943 steterant,
616 2888 677 2929 non
700 2868 915 2949 imperatorium
928 2884 1044 2939 munus,
1058 2868 1142 2946 cujus
1156 2880 1222 2931 tua

127 2974 175 3013 me
185 2958 320 3032 postules
334 2960 477 3020 rationes·
498 2980 592 3041 usque
605 2960 680 3021 adeo
693 2959 819 3020 stolidus
833 2978 875 3021 es.

71 3066 76 3073 ·
130 3046 217 3105 -.73
233 3048 405 3124 Atquarum
414 3070 506 3109 rerum
517 3051 762 3112 oratorratronem
772 3051 879 3111 referre
889 3052 986 3122 debet
995 3048 1060 3110 de
1043 3070 1077 3109 us
1088 3052 1220 3129 qualem
1252 3114 1255 3121 ,

125 3154 243 3212 cunque
259 3138 472 3215 inquisitionem
491 3142 599 3201 facito·
624 3164 683 3203 non
696 3162 811 3203 recuso.
832 3142 1117 3219 Quenemtgimren
1131 3145 1220 3205 suntl
1309 3158 1331 3179 ⁶·

126 3224 318 3303 Prosprcere
310 3228 392 3287 metm
400 3246 495 3289 rerum
514 3240 544 3288 et
556 3233 724 3307 praesentire
739 3242 769 3289 et
786 3232 942 3309 praedicere
957 3232 1038 3289 eliis·
1031 3275 1038 3289 .
1031 3223 1116 3291 ·beec
1136 3252 1155 3292 n
1173 3254 1219 3293 me
1270 3243 1274 3254 '
1310 3282 1316 3295 r

126 3316 208 3375 secta
219 3327 299 3376 sunt
340 3317 455 3377 Deinde
468 3338 534 3396 ques
544 3320 666 3398 singulis
678 3320 709 3378 in
722 3320 988 3397 negotiisincidunt
999 3320 1160 3395 tarditates,
1174 3344 1221 3385 se·

126 3406 649 3488 gnidminscr‘entiasmontentiones,
657 3411 821 3487 quminsita
830 3421 901 3470 sunt
912 3410 1077 3471 civitatibus
1088 3415 1220 3477 omnibus
1288 3464 1292 3471 .

71 3482 80 3501 ⁸
126 3512 158 3559 et
171 3500 474 3579 neeessariapeccata,
488 3519 524 3562 es
532 3520 625 3580 quam
638 3500 800 3564 arctissime
812 3501 1010 3579 comprimere,
1023 3514 1053 3563 et
1066 3513 1169 3581 contra
1181 3508 1219 3567 sd

126 3590 314 3651 concordiam
340 3593 552 3673 amicitiamque
571 3602 603 3653 et
626 3593 755 3654 sordium
778 3592 937 3671 peragendi
960 3613 1025 3671 quse
1047 3589 1121 3674 opus
1150 3608 1220 3657 sunt

127 3681 273 3742 excitare:
295 3694 383 3763 atque
406 3684 471 3745 hoec
491 3687 589 3747 omnia
607 3706 626 3745 a
647 3704 694 3745 me
715 3684 795 3745 lacta
817 3694 895 3757 sunt,
909 3706 1002 3765 neque
1016 3687 1123 3767 aliquid
1139 3690 1220 3767 quis·

126 3792 215 3849 quam
226 3775 392 3835 mortalium
414 3778 537 3855 reperire
560 3785 660 3857 queat,
686 3777 767 3857 quod
789 3795 808 3840 e
829 3796 876 3837 me
900 3789 1041 3857 quantum
1055 3780 1136 3857 potui
1156 3791 1220 3839 erat
1264 3804 1268 3813 ’

126 3866 362 3941 pretermissum.
403 3868 435 3925 Si
450 3869 518 3946 quis
541 3868 628 3947 igitur
653 3888 856 3948 quemcunque
883 3880 975 3948 roget,
1001 3871 1107 3947 quibus
1131 3870 1219 3928 rebus

126 3952 279 4037 Philippus
291 3960 448 4018 maximam
460 3978 561 4020 eorum
572 3980 639 4038 qam
651 3960 744 4041 gessit
756 3970 868 4038 partem
881 3961 1048 4039 expedierit,
1062 3959 1219 4035 responde-

126 4046 317 4109 buntomnes
343 4051 531 4111 exercitu
565 4062 604 4111 et
630 4050 850 4130 promissis·
879 4050 1100 4129 pretioque
1135 4066 1219 4108 cor·

128 4141 366 4217 rumpendis
398 4143 551 4223 iisqui
585 4145 704 4203 rebus
738 4151 855 4202 erent
883 4138 1082 4219 preelecti.
1125 4138 1219 4203 Exer-

128 4226 219 4286 citum
231 4230 318 4308 igitor
331 4252 427 4311 neque
440 4236 469 4295 in
483 4254 548 4294 mea
561 4244 708 4314 potestate
720 4233 861 4292 habebam
875 4250 969 4308 neque
987 4230 1131 4289 ducebam
1151 4252 1218 4311 ego,

129 4321 173 4381 ita
181 4340 275 4400 neque
287 4344 387 4397 eorum
400 4346 466 4405 qum
478 4326 517 4387 ibi
528 4336 612 4406 gesta
624 4335 696 4405 sunt
713 4325 787 4385 ratio
805 4324 843 4383 ad
857 4341 901 4382 me
915 4323 1055 4401 pertinet:
1076 4324 1130 4384 sed
1143 4325 1218 4385 enim
