2934 5000
243 295 303 354 sto
480 293 541 352 uu
562 291 675 354 uste
695 291 827 356 cesus
847 265 1099 355 uuuurrouh

245 447 310 526 Ego
322 461 392 506 vero
400 463 503 526 pucem
515 446 610 521 ismm,
618 447 691 509 dum
702 466 778 508 ιιιιιιι
790 447 980 510 Atlteuiensis
993 445 1178 527 superfuerit,
1185 443 1347 527 uunqmm

243 539 354 600 civitati
362 541 521 610 suaserim
535 561 636 620 pacem
651 551 749 606 umen
758 541 924 602 laciendum
934 560 1000 602 esse
1014 540 1091 600 dico.
1104 539 1188 600 'lulis
1199 539 1346 618 loqueba-

244 641 292 691 tur
303 631 430 693 breviter
438 644 469 693 et
477 634 638 694 moderate.
670 635 730 700 Qui
743 651 813 694 vero
826 633 918 714 pridie
935 633 1001 694 hnc
1015 633 1139 704 dixerat,
1149 631 1344 694 audientibus

244 723 328 785 robis
340 727 487 798 omnihus,
503 725 581 786 ideui
597 727 628 785 in
641 729 808 805 posteriore,
821 745 889 786 cum
902 745 962 806 pax
975 723 1177 810 confirmanda
1189 733 1281 796 esset,
1294 744 1344 786 me

246 819 391 880 sociorum
404 817 554 879 decretum
567 818 754 893 defendente,
773 829 804 880 et
823 820 853 880 id
871 828 989 899 ugente
1003 830 1038 880 ut
1048 837 1107 899 pux
1116 819 1201 898 juste
1211 827 1344 896 etmqrsa

245 911 337 982 lieret,
348 910 550 990 vobisqueits
569 911 772 983 sentientibus,
788 931 822 972 ac
847 931 884 972 ue
899 929 1002 971 vocem
1017 908 1136 988 quidem
1159 901 1344 989 spurcissimi

248 1001 424 1062 Philocratis
441 1001 542 1062 audire
560 1003 736 1075 volentibus,
750 1003 843 1082 surgit
856 1003 897 1062 ud
915 999 1160 1072 concionandum,
1173 997 1274 1086 illique
1291 1017 1345 1078 pa·

245 1095 414 1166 trocinatur,
426 1094 533 1166 verbis,
553 1113 572 1154 o
591 1094 632 1153 dii
656 1085 846 1176 immortales,
869 1093 974 1153 multis'
981 1092 1124 1153 mortibus
1136 1089 1345 1152 vindicandis:

246 1204 344 1264 neque
356 1186 498 1267 majorum
510 1187 655 1248 recordari
669 1206 722 1247 ros
743 1197 889 1266 oportere,
902 1203 999 1264 neque
1012 1184 1122 1262 eosqui
1135 1183 1301 1262 triruuphos
1313 1191 1347 1243 et

246 1279 364 1339 navalia
369 1277 469 1358 prelia
476 1286 637 1350 narrarent,
646 1278 782 1349 tolerare,
792 1297 883 1358 seque
889 1277 956 1357 lege
969 1275 1238 1345 latadeereturum,
1248 1275 1346 1335 necui

248 1367 422 1432 Gmcorum
433 1389 520 1450 opem
531 1371 657 1442 ferretis,
667 1371 717 1448 qui
730 1389 791 1430 nou
805 1371 883 1451 prior
895 1369 978 1430 rubis
989 1387 1074 1453 opem
1087 1367 1216 1428 tulisset.
1243 1368 1345 1445 Atque

247 1465 313 1524 hren
321 1461 502 1524 detestabilis
510 1461 567 1521 iste
579 1473 610 1522 et
622 1463 778 1541 impudens
786 1463 883 1522 dicere
893 1461 1032 1532 cudebat,
1041 1459 1225 1520 adstantibus
1238 1457 1347 1538 legatis

247 1554 476 1617 etsndienu'bue
487 1571 588 1633 quuse
601 1553 721 1613 Graecia
730 1565 796 1612 tum
809 1551 1047 1613 convocaremus
1060 1551 1099 1610 de
1118 1551 1202 1612 istius
1208 1551 1346 1623 consiliu,

249 1664 317 1708 cum
332 1664 364 1707 se
373 1645 503 1713 noudum
515 1643 705 1702 vendidisset.

290 1741 320 1798 7.
342 1732 596 1804 Quemadmodum
617 1731 715 1810 igitur,
737 1732 943 1806 Athenienses,
957 1735 1187 1794 iterumarohis
1209 1733 1347 1796 ddecus

249 1829 289 1890 ad
296 1823 503 1909 jusjtuaudum
515 1823 694 1900 exigendum
707 1832 739 1882 et
753 1833 885 1902 tempora
896 1823 1120 1902 consumpserit,
1133 1833 1166 1884 et
1175 1825 1277 1885 omnia
1285 1827 1346 1886 rei-

248 1919 376 2006 publice
399 1913 522 1993 negotia
540 1912 713 1993 comperit,
734 1924 766 1973 et
784 1931 851 1992 qum
877 1913 950 1974 mihi
973 1914 1178 1995 en'prchibere
1199 1915 1347 1995 cupienti,

246 2008 452 2074 coutentium
461 2022 529 2065 cum
539 2023 577 2064 eo
586 2005 703 2080 meiat,
716 2005 813 2065 statim
823 2005 958 2067 audietis.
982 2005 1296 2085 Postqunmsstsmub
1309 2026 1350 2068 ea

248 2101 406 2183 legatione,
418 2095 938 2179 proptereuigmdumjusjuraudum
952 2105 1100 2178 suscepte,
1111 2099 1220 2159 mersi
1233 2117 1347 2172 semus,

248 2195 289 2256 sd
301 2212 390 2273 quam
402 2191 451 2250 hm
469 2189 614 2266 mtionunr
629 2187 786 2268 relationes
800 2189 957 2270 pertinent,
969 2209 1037 2250 cum
1054 2209 1150 2270 neque
1160 2208 1281 2271 parrum
1295 2209 1348 2262 ue,-

246 2281 621 2368 qneutaguumquiequam
633 2293 734 2342 eurum
745 2281 962 2361 reperissemus,
975 2301 1050 2361 qum,
1064 2301 1134 2342 curu
1147 2301 1251 2362 pacem
1264 2282 1346 2342 face·
1378 2343 1383 2350 ,

249 2378 332 2450 retis,
345 2376 426 2436 dieta
438 2382 470 2433 et
483 2381 654 2454 exspem
665 2373 791 2446 fuerant,
805 2373 858 2434 sed
881 2373 912 2434 iu
927 2374 1063 2434 omuibus
1077 2374 1193 2454 decepti
1207 2393 1361 2447 mutus„

247 2488 374 2548 meoque
386 2467 435 2527 isti
447 2485 546 2527 rursus
564 2464 623 2525 alia
630 2465 843 2537 vendidissent,
860 2475 892 2526 et
903 2477 1007 2529 uonna
1017 2467 1114 2547 ipsum
1133 2467 1285 2529 decretum
1303 2467 1347 2527 le·

248 2565 401 2643 gatiouem
414 2556 563 2627 obiissent,
577 2558 755 2635 accessimus
769 2558 808 2617 ad
828 2569 962 2621 seuamm
973 2581 981 2629 ς
1003 2570 1034 2621 et
1049 2560 1151 2622 horum
1161 2578 1229 2639 quse
1239 2560 1348 2632 dican,

250 2654 337 2713 multi
347 2659 416 2710 suut
423 2648 543 2716 conscii,
557 2647 640 2707 corle
651 2650 727 2731 enim
739 2650 846 2710 referte
859 2654 1054 2733 eratplebeiis
1067 2653 1244 2713 huminibus.
1280 2652 1348 2731 Ege

250 2763 323 2805 vero
336 2757 506 2821 progressus
520 2740 550 2798 in
563 2739 703 2812 medium,
713 2757 828 2802 omnem
837 2744 987 2803 veritatem
997 2744 1112 2803 senatui
1124 2740 1303 2816 renunchi,
1317 2754 1350 2804 et

252 2839 324 2897 ictos
339 2830 484 2901 accusavi,
505 2840 537 2887 et
549 2848 568 2887 a
580 2830 674 2906 prima
695 2830 744 2887 ille
765 2848 817 2907 spe
832 2852 928 2891 rerum
951 2852 1060 2904 earum,
1073 2838 1146 2911 ques
1164 2832 1307 2914 Ctesipho
1319 2848 1352 2899 et

252 2924 455 2986 Aristodemus
473 2920 556 2979 uobis
575 2920 790 2989 renunciarent,
804 2922 901 2983 omnia
916 2923 1094 2995 enumeravi,
1108 2927 1141 3001 el
1152 2934 1266 3003 pecten,
1278 2944 1349 2990 eum

251 3036 357 3099 pacem
368 3010 520 3101 fecissetis,
533 3028 600 3088 que
608 3008 666 3069 iste
678 3029 731 3088 pro
743 3012 883 3074 concione
893 3014 1025 3089 dixisset,
1035 3025 1133 3095 etque
1141 3018 1350 3097 perduxissent

251 3109 472 3192 rempublicam,
480 3113 518 3164 -et
530 3122 567 3164 es
576 3122 646 3181 que
658 3106 916 3185 restabunt-qum
935 3107 1103 3171 Phocenses
1117 3120 1201 3171 erant
1219 3122 1253 3173 et
1267 3112 1350 3197 Pyle

252 3200 374 3265 -suasi
392 3219 431 3259 ue
452 3194 634 3277 amitteretis,
657 3214 730 3255 neve
748 3197 778 3257 iu
798 3198 921 3258 eandem
934 3198 1068 3259 fraudem
1081 3200 1259 3278 incideretis,
1274 3226 1350 3269 nese

251 3302 312 3360 ulia
323 3316 360 3358 ex
379 3292 438 3354 ulia
453 3310 511 3371 spe
534 3288 683 3369 suspensi,
694 3299 726 3349 et
743 3291 997 3370 pollicitationibus
1016 3294 1137 3367 deliniti,
1151 3314 1197 3357 res
1210 3296 1241 3359 in
1249 3312 1350 3363 estre-

252 3410 334 3452 mum
347 3383 502 3447 discrimen
516 3380 626 3442 adduci
633 3384 818 3460 puteremini.
852 3374 949 3461 Atrine
960 3382 1026 3444 hec
1037 3387 1152 3445 senatui
1165 3392 1310 3466 persuasi.

294 3483 324 3537 8.
345 3478 424 3537 Cum
432 3494 502 3535 vero
514 3475 822 3549 couciocuureniseet,
836 3484 867 3536 et
879 3474 917 3535 sd
929 3494 983 3535 vos
991 3476 1079 3536 rerba
1091 3476 1226 3547 ῖιιοίιιιιάιι
1237 3497 1348 3561 asne,

250 3584 425 3652 progressus
438 3565 592 3626 AEschiues
605 3564 715 3646 primus
727 3567 860 3627 omnium
872 3567 1177 3629 neruum—obtestor
1187 3582 1348 3640 ‘mres
1389 3562 1395 3574 ⁸

254 3682 307 3745 per
319 3661 425 3721 iovem
437 3667 469 3715 et
481 3656 564 3731 deos,
577 3658 646 3736 date
658 3676 789 3738 operam,
798 3668 833 3719 ut
845 3678 906 3718 una
914 3678 1031 3721 mecum
1044 3662 1194 3721 memoria
1206 3664 1347 3745 intigens,

255 3756 280 3815 si
301 3746 372 3813 vera
392 3748 502 3818 dixero,
519 3766 556 3807 ea
575 3750 652 3808 enim
672 3749 791 3809 deumm
814 3758 894 3825 suut,
909 3770 976 3829 qum
996 3751 1093 3811 omnic
1114 3753 1233 3832 negotia
1249 3768 1351 3821 mm

254 3861 372 3928 prorsus
390 3847 577 3918 corruperunt
596 3849 628 3899 et
643 3841 1042 3921 perdideruuu-progressus
1067 3843 1156 3923 igitur
1181 3845 1351 3926 longissime

253 3936 356 4007 abluit,
369 3941 404 3992 ut
414 3927 598 3991 renunciaret
607 3930 717 4008 aliquid
728 3932 759 3991 iu
771 3932 917 4012 legatione
931 3944 1112 4009 autument,
1124 3945 1160 3995 ut
1175 3936 1216 3998 de
1234 3939 1269 3999 iis
1279 3960 1352 4020 ¹(pum

253 4028 285 4087 in
305 4034 411 4087 uenatu
427 4022 508 4083 dicta
528 4029 635 4096 cuent,
649 4022 675 4082 si
688 4022 773 4091 forte,
783 4034 880 4083 utrum
897 4044 953 4102 ego
966 4044 1037 4086 rere
1048 4026 1173 4103 dicmuu
1186 4029 1351 4109 dubmbat,

253 4118 345 4179 ullam
356 4117 385 4176 iu
395 4124 471 4189 cmm
481 4111 581 4193 populi
593 4112 770 4175 mentionem
783 4115 902 4189 laceret,
912 4116 966 4177 sed
980 4136 1045 4177 eam
1057 4118 1161 4179 hebuit
1176 4123 1351 4197 mationem,

252 4220 284 4269 et
295 4218 342 4268 tot
353 4207 499 4285 mutisque
506 4206 590 4266 honis
599 4205 743 4280 referum,
756 4216 790 4268 ut
797 4198 947 4269 universos
961 4226 1014 4269 vos
1033 4209 1064 4269 iu
1080 4229 1164 4271 sunm
1172 4216 1351 4279 suentium

252 4298 433 4378 pertraxerit.
455 4298 561 4359 Aiebat
571 4297 659 4373 euim,
666 4294 889 4379 supersuesisse
899 4302 1036 4383 Philippo
1045 4304 1156 4375 omnin,
1165 4324 1235 4383 quse
1247 4320 1352 4371 essem

246 4390 335 4450 utilia
346 4390 588 4470 reipublicoe‚taut
605 4392 636 4453 itt
650 4392 895 4477 Amphictyonics
904 4412 1004 4471 causa,
1014 4414 1104 4477 quum
1111 4398 1221 4461 ceteris
1232 4389 1348 4466 uniiu-
