2934 5000
440 289 669 354 -ADVERSUS
693 290 917 358 tumultu.
1172 296 1233 360 296

12 491 14 502 .
131 445 283 525 epud‘vos
296 445 467 531 honorifica,
477 407 559 518 robis
571 465 640 505 sero
655 446 734 524 appd
744 445 869 505 Grecos
881 446 1041 508 universos.
1063 443 1142 504 Nam
1155 449 1235 524 (μὴ.

12 587 13 592 ,
138 539 203 617 quis
218 547 345 597 nostrum
356 537 386 598 in
397 536 470 597 elios
487 536 632 596 beneficis
643 537 768 607 confert,
780 540 843 612 eJ‘ns
855 535 927 595 iacti
937 535 1152 614 gioria'nonien
1165 538 1237 598 cisi·

130 632 205 690 -tatis
218 631 330 690 fruitur.
372 632 557 709 Quapropter
581 630 621 688 illi
646 641 707 690 tum
720 650 781 689 non
793 640 908 689 ιιιιιιιιιι
929 629 1097 690 immunitas
1119 631 1238 692 decreta
1321 687 1327 703 ,

136 731 193 792 est,
207 722 259 781 sed
274 723 384 801 primus
395 723 461 793 ruit,
476 721 536 798 cui,
550 721 799 798 quemadmodum
814 720 979 782 Harmodio
992 731 1026 780 et
1033 721 1236 800 Aristogitoni,

137 831 217 873 mres
230 824 326 873 ststue
339 814 554 872 decerneretur.
598 811 750 872 Put‘sbant
760 813 849 883 enim,
863 831 931 872 eum
945 812 995 890 qui
1012 811 1236 874 Lscedeemosi·

136 923 221 965 orum
234 907 385 986 imperium
395 904 560 978 evertisset,
576 922 637 963 non
650 904 966 984 parvamtyrannidem
975 903 1159 964 destruxisse.
1191 903 1236 966 Ut
1356 967 1365 980 ,7
1400 963 1406 970 ,

135 997 226 1075 igitur
248 997 343 1077 majus
359 996 437 1076 spud
451 1015 504 1056 vos
525 996 641 1075 pondus
655 995 694 1055 sit
706 995 847 1056 orationis
859 1015 943 1066 mese,
956 994 1023 1074 ipss
1043 1007 1235 1056 senatuscon-

137 1089 227 1159 suits,
237 1109 309 1168 ¹qum
320 1100 384 1150 tum
394 1089 508 1150 cononi
523 1088 603 1149 facta
614 1097 691 1162 sunt,
700 1086 784 1148 vobis
796 1087 941 1164 legentur.
965 1090 968 1094 ’
981 1085 1096 1148 Recita.

473 1279 891 1368 sauiruscoususm.

140 1455 247 1534 Neque
258 1473 328 1518 uero
341 1477 360 1517 a
372 1459 455 1518 vobis
477 1458 570 1518 solum
585 1459 679 1530 Coeo,
695 1459 901 1529 Athenienses,
914 1468 976 1516 turn
995 1457 1155 1516 honoratus
1179 1469 1234 1528 est,

138 1545 196 1605 iliis
215 1549 301 1607 rebus
315 1550 404 1627 gestis
417 1569 492 1628 ques
514 1553 655 1621 recensui,
671 1549 725 1609 sed
747 1571 766 1608 a
786 1549 886 1608 multis
909 1549 998 1608 etium
1020 1547 1094 1619 eliis,
1107 1548 1158 1627 qui
1170 1549 1237 1629 jure

138 1641 294 1718 putabant,
322 1644 445 1720 gratism
469 1641 511 1701 illi
535 1661 589 1720 pro
612 1637 744 1720 acceptis
772 1637 921 1700 beneficiis
939 1637 1015 1700 ¹esse
1029 1639 1235 1700 referendum.

138 1730 238 1798 Quare
252 1744 337 1811 turpe
350 1744 405 1805 est,
416 1727 620 1803 Athenienses,
631 1733 759 1792 honores
772 1735 810 1790 ab
824 1727 888 1791 aliis
900 1731 930 1790 ei
942 1730 1059 1791 habitos
1068 1742 1149 1791 rstos
1158 1751 1237 1803 esse,

135 1833 266 1882 restrum
275 1843 344 1884 uero
354 1827 449 1884 solum
459 1826 486 1884 ei
496 1821 577 1904 eripi.
600 1823 1152 1896 Neciiiudhonestum,virentemeum
1162 1821 1237 1885 tanu'

136 1914 252 1986 iecisse,
261 1927 295 1975 ut
305 1919 345 1977 its
357 1918 604 1996 quemadmodum
617 1916 749 1976 auditum
762 1925 817 1986 est,
826 1917 985 1974 ornaretis:
998 1927 1156 1993 postquam
1165 1915 1238 1976 'sero

138 2017 271 2066 mortuus
284 2001 340 2078 est,
351 2009 457 2066 oblitos
471 2027 572 2066 eorum
587 2009 727 2075 omniurn,
738 2005 848 2084 aliquid
861 2025 898 2064 ex
908 2004 967 2063 illis
976 2017 1043 2083 qum
1054 2005 1118 2066 'tum
1131 2009 1238 2068 eidem
1354 2004 1358 2017 '

140 2106 219 2167 sunt,
233 2099 353 2176 eripere.
378 2098 456 2156 Nam
470 2091 537 2157 cnm
553 2100 590 2158 eb
605 2117 641 2155 eo
653 2098 748 2156 multa
760 2097 849 2154 laude
863 2095 960 2174 'digna
982 2106 1066 2174 geste
1087 2099 1237 2178 sint,pr'o-
1323 2180 1328 2190 .

139 2197 206 2267 pter
217 2207 284 2266 quse
296 2190 394 2248 omnia
406 2209 466 2248 non
480 2188 624 2259 convenit,
635 2187 720 2246 datus
733 2186 775 2245 iiii
788 2186 959 2245 donationes
972 2187 1094 2255 tollereJ
1109 2191 1239 2274 omnium
1299 2224 1303 2230 ·

138 2281 364 2358 ,pulcherrimum
378 2292 433 2352 est,
447 2281 621 2341 instsuratio
642 2279 792 2337 nroeuium.
830 2277 868 2345 id
881 2277 961 2352 quod
974 2278 1044 2336 inde
1062 2280 1200 2352 cernitur,
1213 2281 1239 2340 si

11 2397 12 2402 ¹
139 2373 205 2450 quis
218 2373 359 2444 conferet,
372 2373 521 2453 quomodo
533 2370 757 2444 Themistocles,
768 2370 812 2428 vir
822 2367 951 2427 omnium
963 2371 1058 2428 aetatis
1078 2390 1141 2428 sum
1160 2369 1238 2432 ceie-

139 2465 293 2539 berrimus,
305 2467 376 2526 illud
391 2455 486 2547 ipsum
497 2465 657 2546 perfecerit
681 2463 756 2522 Eum
769 2461 856 2541 igitur
867 2463 966 2521 ferunt
974 2461 1099 2522 edixisse
1113 2463 1239 2537 civibus,

109 2630 111 2636 s
140 2564 175 2615 ιιι
187 2560 295 2618 moenia
308 2570 464 2629 struerent,
480 2568 520 2633 et,
541 2556 644 2641 siquis
659 2555 874 2615 Lacedaemone
887 2554 1025 2638 venisset,
1038 2574 1106 2615 eum
1128 2556 1240 2617 detine-

141 2658 216 2720 rent,
227 2651 323 2731 ipsum
335 2653 373 2711 ed
388 2650 627 2712 Lacedoemonios
642 2648 774 2727 legatum
787 2646 914 2705 abiisse:
928 2666 994 2706 cum
1002 2665 1070 2706 vero
1081 2647 1140 2707 iilic
1150 2650 1241 2710 verbs

140 2742 254 2813 flerent,
268 2743 429 2823 etquidem
439 2736 623 2811 nunciarent,
641 2738 839 2799 Athenienses
852 2738 960 2797 moenie
971 2748 1093 2809 struere,
1105 2758 1239 2819 negasse,

140 2828 233 2913 utque
241 2836 356 2915 legatos
369 2838 410 2906 rei
421 2834 614 2916 explorandis
627 2830 718 2892 censa
728 2832 879 2903 mitterent
886 2829 1028 2909 jussisseJ
1037 2830 1238 2893 illisveronou

139 2929 360 2998 revertentibus,
371 2930 519 2987 monuisse
532 2937 566 2985 nt
577 2926 650 2985 alios
664 2924 812 2982 mitterent
822 2954 835 2967 ·
845 2956 858 2967 -
869 2955 883 2967 ·
903 2921 965 2980 Sed
986 2941 1091 2981 omnes
1106 2923 1239 2983 fortassis

140 3015 293 3077 audivistis
296 3018 461 3096 ‚quomodo
481 3016 718 3076 Lacedsemonios
732 3014 886 3090 decepisse
904 3012 1028 3072 dicatur.
1072 3013 1139 3093 Ego
1151 3015 1240 3093 igitur

141 3108 189 3166 aio
190 3126 341 3185 ,-qnaeso
355 3120 464 3177 autern,
472 3108 681 3178 Athenienses,
692 3124 728 3163 ne
741 3104 885 3162 invidiosa
899 3103 1039 3163 sitoretio
1053 3124 1129 3177 mea,
1139 3108 1193 3166 sed
1210 3110 1240 3169 id

143 3206 303 3293 spectetur,
313 3216 428 3257 ansere
440 3199 643 3276 siti—quanto
657 3195 767 3272 aliquid
777 3204 877 3271 aperte
883 3195 1068 3270 quemdam,
1078 3204 1110 3254 et
1120 3183 1241 3259 victoria

142 3286 232 3365 quam
241 3288 344 3348 srsude
357 3291 507 3369 periinere,
520 3288 691 3367 praeclarius
702 3297 758 3358 est,
773 3295 857 3347 tanto
869 3284 998 3363 pulcrius
1008 3286 1159 3346 Cononem
1169 3310 1241 3350 con-

142 3378 255 3441 didisse
273 3382 379 3441 muenia
399 3400 487 3460 quem
511 3378 778 3439 Themistoclem
794 3377 852 3437 Hic
866 3375 945 3435 euim
966 3363 1177 3455 ignor-snmus,
1191 3383 1240 3443 isse

142 3472 227 3545 uictis
241 3475 276 3533 iis
290 3493 339 3553 qur
331 3473 524 3554 'prohibituri
538 3482 631 3543 erent,
644 3471 701 3530 hoc
715 3468 822 3529 effecit.
864 3468 951 3527 Non'
943 3468 1032 3547 igitur
1045 3470 1140 3545 decet,
1150 3472 1239 3536 telem

142 3566 352 3648 vimminjuria
365 3566 477 3629 euobis
492 3566 578 3637 affici,
592 3573 645 3624 aut
661 3562 756 3622 minua
774 3561 892 3641 apud
869 3580 923 3621 ros
935 3561 1056 3623 velere
1044 3562 1133 3643 ιιιιιι
1145 3566 1242 3630 orato·

143 3676 201 3736 res,
213 3652 263 3739 qur
256 3660 355 3721 'vobis
369 3659 547 3741 persuadere
560 3654 673 3729 volunt,
688 3654 799 3733 aliquid
812 3630 1002 3753 auferendum
1009 3656 1094 3759 esse,
1107 3658 1186 3757 quod
1198 3660 1240 3720 ilii
1261 3686 1268 3693 ’

143 3768 318 3811 concessum
333 3753 380 3813 sit.

186 3846 233 3902 17.
255 3846 322 3903 An
316 3862 386 3905 vero
402 3842 615 3924 permittemus,
628 3851 662 3901 ut
675 3839 812 3900 Chabriae
825 3793 886 3899 iiiio
906 3841 1072 3901 immunitas
1094 3842 1241 3939 eripiam

143 3954 232 4015 quam
244 3938 271 3997 ei
284 3942 470 4016 peterJ'urea
483 3937 565 3995 robis
572 3944 740 4041 acceptam
750 3932 896 4010 'reliquitt
916 3933 967 3991 sed
991 3931 1136 3991 neminem
1160 3930 1240 3995 sine

131 4031 250 4090 mentis
269 4028 416 4091 hominem
433 4030 494 4090 sore
512 4028 657 4099 existimo,
671 4046 721 4107 qm
713 4025 765 4085 id
777 4035 889 4084 rectum
902 4042 967 4082 esse
981 4033 1110 4085 censeat.
1153 4022 1243 4088 Scitis

143 4122 286 4195 fortassis,
310 4124 397 4183 etiam
422 4123 485 4182 sine
509 4116 574 4180 mea
584 4119 738 4191 oratione,
751 4124 940 4217 prestantem
953 4114 1047 4172 virum
1059 4114 1242 4178 inisse'chs-

143 4214 255 4274 briam·
276 4214 348 4273 nihil
362 4224 461 4274 tamen
475 4213 621 4293 prohibet,-
640 4232 688 4271 me
710 4209 829 4289 quoque
846 4224 893 4265 res
915 4205 977 4282 ejus
999 4216 1099 4283 gestas
1119 4208 1245 4270 breviter
1343 4204 1349 4211 ’

143 4308 298 4387 attingere.
342 4306 457 4374 Quem
450 4305 537 4384 igitur
550 4302 596 4362 ad
601 4304 731 4375 modum,
745 4320 813 4360 cum
825 4315 881 4355 ros
893 4295 957 4373 ejus
967 4293 1059 4355 ductu
1069 4299 1243 4375 militas-etis,

144 4398 183 4457 sd
198 4398 316 4458 Thebas
340 4418 410 4460 cunr
431 4396 573 4457 universis
597 4386 1070 4493 Peloponnesensibusdimiearit,
1083 4412 1143 4472 quo
1155 4406 1243 4472 pacto
