2934 5000
243 311 299 368 vm
499 299 557 364 un
577 294 751 362 sennan
769 283 1065 376 [unumunurn.

241 463 350 521 sistunt
361 468 394 518 ut
406 477 472 538 qun
485 453 687 518 communibus
701 451 794 532 pactis
809 449 990 510 continentur
1007 435 1213 518 exsequamini,
1227 453 1334 516 paves-

243 571 307 612 mus
328 553 379 623 eis,
398 550 533 628 quoniam
555 563 643 626 aequa
660 545 779 610 dieuntr
803 551 842 612 et,
863 533 1107 618 quemadmodum
1123 527 1331 609 jusjurandum

237 645 332 725 jubet,
344 643 533 704 excludamus
550 639 616 699 illos
630 637 739 698 l'redere
753 652 788 694 ec
805 632 1006 700 deliberemus,
1019 623 1167 706 quomodo
1186 620 1331 682 trsctandi

242 736 330 795 sintii
344 735 394 814 qui
413 753 467 814 pro
480 732 606 793 domitus
628 749 695 790 sese
707 737 814 807 gerunt
832 723 1039 798 libidinemque
1058 733 1141 778 suam
1159 725 1331 792 sequuntur,

241 837 273 888 et
284 837 425 907 perpetuo
433 826 482 887 vel
493 825 615 884 insidias
627 831 753 894 struunt,
761 819 806 879 vel
817 825 910 896 egunt
918 807 1073 873 interdicta
1079 825 1240 888 pacemque
1249 825 1334 866 com·

242 937 360 978 munem
374 919 527 976 derident:
546 933 633 990 qnam
647 913 724 970 enim
738 913 776 968 ob
789 925 909 968 causum
921 905 968 962 isti
985 900 1136 980 negabunt
1147 898 1190 958 ita
1204 917 1270 956 esse
1289 897 1333 956 la-

242 1005 400 1069 ciendum?
420 1007 499 1065 Num
512 993 676 1084 pactionem
685 1007 831 1077 quatenus
842 1013 879 1055 es
890 991 1053 1072 reipublice
1066 1000 1152 1050 nocet
1165 997 1259 1048 retum
1269 1007 1334 1048 esse

242 1092 355 1170 volunt,
374 1109 516 1177 quatenus
534 1111 605 1153 vcro
627 1091 722 1150 eidem
745 1086 879 1148 saluteris
902 1094 948 1144 est
967 1079 1165 1144 sustulerunt‘.i
1192 1079 1334 1159 Nunquid

243 1191 309 1249 llaec
330 1192 398 1269 jure
419 1188 481 1248 fieri
499 1182 655 1245 ridenmri
694 1173 809 1258 Siquid
831 1181 860 1238 in
870 1175 1060 1257 jurejurando
1079 1193 1132 1253 pro
1151 1171 1283 1232 hostibus
1303 1182 1334 1230 et

243 1289 481 1342 conmnnostrem
491 1276 637 1337 civitatem
648 1273 728 1344 iacit,
738 1272 768 1332 id
776 1266 1154 1350 perpetuoconflrmebunt:
1171 1263 1333 1342 sinaliquid

244 1382 371 1432 vestrum
393 1381 495 1432 contre
511 1368 576 1428 illos
599 1365 686 1426 simul
707 1373 740 1424 et
755 1365 867 1440 justum
888 1369 919 1420 et
931 1358 1002 1418 utile
1015 1357 1110 1430 luerit,
1125 1356 1198 1416 illud
1214 1355 1266 1415 sibi
1280 1375 1337 1435 op·

244 1463 436 1542 pugnandum
444 1479 512 1521 esse
520 1455 660 1537 perpetuo
669 1451 905 1515 arbitrabuntur?

276 1548 317 1614 '8ss
337 1549 383 1614 us
402 1560 482 1615 tert*
492 1550 656 1612 evidentius
679 1549 766 1609 etiem
787 1544 967 1624 intelligetis,
989 1541 1134 1603 neminem
1158 1543 1334 1602 Groecornm

245 1669 299 1710 ros
312 1661 440 1725 unquam
453 1642 666 1704 accusaturum
677 1659 751 1710 esse,
766 1639 804 1698 de
817 1637 1017 1698 communibus
1035 1635 1127 1714 pectis
1147 1632 1209 1693 ulle
1227 1651 1257 1692 re
1272 1634 1334 1692 vio·

245 1742 323 1811 letis,
342 1737 396 1798 sed
409 1747 441 1796 et
453 1735 576 1814 gretiam
593 1733 754 1804 habituros,
768 1729 847 1810 quod
867 1723 921 1788 soli
943 1725 1116 1806 foedifragns
1136 1725 1335 1804 coargueritis,

246 1849 341 1913 peuce
350 1831 387 1888 de
395 1827 494 1886 multis
502 1845 568 1903 ques
576 1821 701 1884 dicenda
709 1833 817 1893 essent,
826 1837 1005 1899 percurram:
1019 1819 1182 1878 continetur
1189 1816 1296 1877 alicubi
1305 1818 1335 1876 in

246 1924 421 1992 truderent
439 1917 624 1978 federati
647 1935 746 1975 mare
767 1913 972 1992 navigent,
987 1921 1023 1972 et
1045 1929 1149 1972 nemo
1169 1929 1229 1971 eos
1250 1930 1335 1989 pro-

247 2016 399 2083 hibent,
425 2029 553 2089 neque
578 2009 788 2088 quisquam
819 2023 939 2066 neves
970 2023 1100 2064 eorum
1120 2013 1332 2082 exceptet:

248 2107 308 2166 sin
328 2107 408 2165 heac
429 2099 780 2180 aliquisviolarit,
802 2107 845 2157 ut
875 2098 919 2180 ab
947 2096 1129 2156 omnibus
1164 2095 1334 2154 foedera-

247 2199 300 2258 tis
330 2215 401 2275 pro
430 2195 550 2254 hoste
581 2193 795 2251 habeatur.
844 2189 943 2268 Atqui,
972 2186 1175 2258 Athenienses,
1198 2205 1251 2246 ros
1276 2187 1335 2245 evi-

248 2288 415 2349 dentissime
429 2285 509 2344 scitis
522 2286 610 2343 hoca
623 2275 1045 2342 Macedonibuse'ssel'actum:
1066 2297 1134 2337 nam
1144 2297 1179 2338 eo
1194 2279 1335 2338 violentie

246 2388 458 2460 processerunt,
470 2385 503 2435 ut
511 2394 612 2435 omnes
621 2394 709 2433 naves
719 2365 858 2432 Ponticas
865 2371 1016 2430 Tenedum
1026 2372 1264 2449 pertraxerintac
1277 2381 1335 2430 ter·

248 2468 581 2551 givemtntes'nonprius
595 2485 644 2524 eas
653 2463 822 2531 dimiserint,
836 2479 923 2539 quem
937 2481 989 2521 vos
1005 2462 1204 2523 decrevissetis
1215 2475 1333 2524 centum

248 2564 377 2623 triremes
396 2579 461 2619 esse
479 2556 669 2635 complendas
686 2564 717 2615 et
729 2554 825 2613 statim
839 2554 872 2612 in·
882 2572 961 2613 mere
976 2554 1173 2629 deducendes,
1185 2566 1214 2615 et
1227 2557 1331 2617 ducem

251 2656 292 2713 eis
307 2652 512 2711 Menestbeum
525 2646 737 2728 prefecissetis.

289 2748 320 2803 9.
341 2744 387 2801 An
401 2761 459 2799 non
471 2741 561 2818 igitur
575 2739 733 2816 absurdum
752 2748 808 2810 est,
821 2758 911 2817 quum
933 2750 977 2800 tot
996 2760 1031 2801 ac
1049 2750 1131 2800 tante
1149 2740 1256 2801 delicta
1277 2743 1336 2802 sint

251 2835 418 2902 citerorum,
438 2833 509 2890 istos
531 2830 647 2889 illomm
661 2831 770 2889 amicos
784 2832 965 2909 epecctmdo
978 2851 1029 2892 eos
1043 2852 1101 2892 non
1115 2832 1270 2906 deterrere,
1285 2833 1335 2894 sed

252 2926 374 2987 sundere
387 2922 471 2982 nohis
484 2932 522 2980 ut·
539 2933 628 2999 pecta
641 2940 735 3000 usque
749 2922 823 2981 adeo
837 2923 973 3001 neglecte
986 2925 1153 2985 servemus?
1173 2927 1336 3005 quasivero

252 3016 352 3076 inillis
366 3024 396 3073 et
413 3014 469 3073 hoc
490 3012 668 3091 adscriptum
690 3014 737 3083 sit,
760 3014 830 3092 ipsis
849 3014 936 3073 etiem
948 3015 1115 3095 delinquere
1128 3017 1224 3089 licere,
1238 3018 1334 3078 etum

253 3128 308 3170 nec
321 3107 422 3168 ulcisci
434 3106 551 3184 injurias
563 3124 629 3165 esse
642 3106 836 3165 concessum?
877 3106 982 3167 Nonne
994 3128 1063 3168 vero
1087 3110 1172 3169 simul
1189 3120 1220 3170 et
1239 3110 1335 3190 inique

252 3212 281 3263 et
294 3200 411 3281 stupide
422 3207 554 3277 egerunt,
566 3196 616 3275 qui
630 3193 832 3277 jusjurandum
844 3218 938 3277 usque
959 3200 1032 3259 adeo
1053 3201 1194 3275 violarint,
1208 3214 1242 3263 ut
1254 3204 1335 3264 mini-

253 3313 331 3353 mum
345 3291 471 3351 abluerit
481 3290 551 3369 quin
565 3291 602 3348 ob
615 3289 694 3348 illam
704 3290 854 3369 perfidiam
870 3292 1047 3371 principatus
1057 3296 1141 3354 maris
1153 3297 1195 3356 eis
1204 3296 1271 3376 jure
1283 3298 1336 3357 eri-

253 3384 388 3463 pereturl
408 3392 495 3460 atque
516 3380 590 3440 adeo
608 3400 687 3441 nunc
697 3382 788 3442 etiem
798 3383 916 3462 jus'hoc
930 3386 1013 3445 nobis
1026 3386 1088 3445 sine
1101 3385 1219 3447 crimine
1231 3409 1335 3468 suppe-

232 3474 357 3551 ,ditent
372 3476 397 3533 si
410 3475 453 3532 ati
466 3492 501 3533 eo
509 3473 704 3533 voluerimus:
724 3484 783 3535 utu
795 3476 962 3554 enim-quod
975 3496 1096 3556 pectere
1110 3478 1294 3553 destiterunt,
1302 3500 1336 3543 eo

253 3568 349 3625 minus
362 3564 910 3643 eommuniapnctaviolaruntscillcet;
927 3569 979 3627 sed
988 3570 1064 3628 beati
1075 3580 1152 3643 sunt,
1161 3572 1241 3648 quod
1250 3574 1337 3633 inter-

255 3655 667 3733 imiruunturigneviarestra‚
674 3674 833 3737 qumsuum
836 3663 886 3734 jus
897 3663 1029 3738 persequi
1037 3680 1183 3740 nunquam
1192 3663 1325 3723 instituit.

296 3752 345 3809 110.
369 3750 468 3825 Atque
486 3747 546 3805 hoc
562 3748 879 3809 contumeliosissimum
902 3760 957 3823 est,
970 3752 1050 3830 quod
1063 3753 1165 3833 reliqui
1188 3754 1295 3815 Grani¹
1306 3768 1337 3814 et

256 3841 376 3903 Barim
388 3856 489 3899 ornnes
502 3848 611 3897 vestras
624 3839 942 3916 inimicitiasmetuunt,
956 3844 1003 3903 isti
1017 3854 1114 3905 eutem
1127 3846 1194 3905 novi
1207 3846 1336 3907 homines

254 3956 307 3996 ros
322 3954 357 3994 eo
377 3931 514 4010 redigunt
535 3940 568 3988 ut
586 3931 641 4009 ipsi
653 3942 769 3991 vosmet
781 3936 927 4012 aspernari
941 3938 1096 4014 cogamini,
1111 3937 1167 3998 elia
1180 3938 1260 3998 vobis
1273 3960 1337 4019 per·

228 4081 231 4084 .
256 4024 417 4096 suadendo,
428 4021 485 4082 alia
493 4023 521 4080 vi
533 4020 743 4099 extorquendo,
757 4024 875 4101 perinde
889 4044 923 4085 ec
936 4027 961 4084 si
974 4046 1042 4087 cum
1053 4029 1197 4089 Abderitis
1207 4040 1258 4091 eut
1271 4030 1337 4091 hle-

256 4116 367 4188 multu,
378 4132 439 4177 non
451 4132 519 4173 cum
528 4112 754 4173 Atheniensibus
768 4116 1005 4178 administrandae
1014 4121 1179 4197 reipublicae
1198 4122 1337 4182 rationem

253 4208 391 4266 habeant·
424 4207 571 4273 'Quicum
583 4224 654 4284 opes
663 4215 774 4265 vestras
794 4218 959 4283 extenuent,
979 4210 1205 4273 adversariorum
1219 4214 1340 4295 amplifi·

256 4308 337 4366 cent;
357 4299 470 4357 interim
479 4317 539 4358 non
546 4297 787 4372 animadvertunt,
796 4318 827 4358 se
836 4300 964 4361 confiteri
975 4305 1073 4362 urbem
1082 4316 1209 4365 nostram
1219 4324 1286 4366 esse
1296 4308 1339 4365 in-

257 4389 456 4468 superabilem,
470 4390 540 4449 dum
551 4390 702 4449 hortantur
714 4401 747 4450 ut
751 4392 801 4469 jus
815 4393 897 4453 aliter
909 4412 996 4475 quem
1005 4396 1117 4473 justum
1129 4409 1174 4458 est
1192 4399 1338 4459 custodis-
