2934 5000
272 327 329 384 1⁵2
380 273 386 281 -
536 322 592 382 DE
612 320 795 382 FOEDERE
816 318 1109 418 ALEXANDREO.

266 468 437 559 graviorem,
451 477 533 558 qood
550 477 691 538 samolum
704 495 791 537 nemo
802 476 904 538 rolens
914 475 1038 545 occidit;
1060 493 1127 536 cum
1141 469 1295 556 tyrannide
1308 497 1367 562 op-

264 589 380 648 pressos
396 589 455 629 non
467 569 556 629 modo
567 569 678 629 indicta
691 587 784 629 causa
795 570 896 648 perimi
909 569 1070 641 videamus,
1090 567 1144 628 sed
1157 585 1260 628 eorum
1273 569 1365 631 etism

267 665 372 722 uxoie's
382 673 413 722 et
425 662 531 722 liberos
543 661 583 722 ad
596 671 697 742 stupra
707 659 917 722 contumeliose
933 657 1006 741 rapi.
1038 693 1043 706 .

306 757 335 813 3.
356 754 521 815 Alexander
539 764 637 814 eutem
649 765 753 819 contm
761 752 967 834 jusjurandum
985 751 1017 811 in
1035 753 1182 812 communi
1202 773 1273 833 pace
1291 773 1364 834 per.

265 847 416 925 scriptum,
429 846 571 906 Philisda
583 846 679 905 liberis
692 847 743 926 qui
764 846 877 926 tyranni
897 855 966 904 sunt
986 844 1152 904 Messanam
1171 845 1362 918 reducendis,

266 939 396 1018 uunquid
419 940 539 1019 justitias
560 940 701 998 rationem
726 938 848 998 babuit?
868 957 904 997 eo
923 955 982 996 non
1002 936 1098 1016 potius
1125 951 1183 996 suo
1206 939 1363 1016 tyrannico

265 1030 344 1103 inore
364 1051 444 1103 usus,
466 1041 527 1091 tum
547 1050 600 1091 vos
614 1041 676 1091 tum
694 1032 862 1112 pactionem
881 1047 1062 1092 communem
1075 1047 1128 1107 pro
1148 1029 1238 1089 nibsso
1255 1031 1366 1090 duxit?

267 1117 377 1202 Annon
397 1115 475 1195 rero',
494 1122 518 1182 si
534 1124 599 1201 quie
611 1123 693 1183 vobis
711 1141 776 1183 eam
791 1115 992 1182 necessitalern
1014 1122 1153 1202 imponat,
1172 1121 1363 1202 iniquissimis

263 1215 339 1277 ferre
352 1216 453 1276 animis
463 1216 629 1296 oportebit?
651 1216 704 1276 Sin
716 1215 786 1276 alibi
804 1233 928 1292 usquam
933 1213 1141 1292 jusjurandum
1155 1215 1237 1274 vobis
1254 1213 1363 1276 datum

261 1309 395 1382 violetur,
408 1309 478 1368 boni
489 1308 703 1369 consulendum
714 1309 779 1379 erit,
792 1307 900 1368 omissa
912 1306 1085 1366 defensione
1103 1305 1239 1368 laederis:
1260 1325 1364 1385 neque

263 1417 352 1481 quom
365 1401 485 1480 quidam
496 1401 545 1461 bic
557 1419 611 1461 roe
625 1400 746 1460 incitent
763 1409 798 1458 ut
810 1397 1046 1469 redamaverit,
1059 1407 1143 1458 tants
1155 1397 1274 1458 licentia
1284 1412 1364 1458 oon³

263 1493 399 1553 oedenda
412 1493 469 1554 illis
482 1502 527 1553 est
540 1513 559 1552 e
578 1494 684 1572 quibos
697 1493 739 1553 ita
751 1491 850 1572 pelen
863 1490 1003 1551 violatum
1023 1488 1087 1548 esti
1109 1489 1184 1548 Herc
1205 1491 1282 1548 enim
1305 1491 1362 1550 sd:

264 1585 338 1645 mitti
361 1603 544 1665 nequaquem
556 1594 691 1666 possum,
711 1585 737 1644 si
752 1585 803 1664 jus
817 1583 937 1662 exsequi
958 1581 1073 1642 velitis:
1094 1599 1163 1640 nem
1179 1580 1253 1641 illud
1268 1583 1359 1642 etiem

236 1703 247 1712 ·
260 1676 292 1736 in
303 1676 413 1737 ioedere
427 1686 474 1736 eet
486 1677 674 1760 adscriptum,
684 1686 780 1755 utpro
793 1675 878 1735 hoste
886 1672 1091 1752 habeatur,qui
1104 1671 1175 1732 talia
1187 1673 1279 1752 egerit
1285 1692 1361 1752 qua-

262 1768 303 1828 lia
312 1769 410 1828 studio
425 1769 478 1828 sibi
491 1766 581 1827 habet
590 1766 767 1838 Alexander,
782 1766 819 1825 ab
833 1763 967 1842 omnibus
977 1763 1011 1824 iis
1024 1763 1073 1843 qui
1083 1782 1155 1844 pace
1165 1765 1357 1845 comprehen-

261 1861 383 1930 duntur,
400 1859 425 1918 ‘u
444 1869 534 1938 atque
554 1877 676 1937 regnum
699 1857 774 1937 ejus,
795 1867 886 1936 utque
905 1875 1007 1916 omnes
1027 1857 1123 1935 ipsum
1146 1857 1224 1917 bello
1243 1867 1356 1938 petent.

262 1951 374 2020 Quare,
393 1951 417 2009 si
431 1968 467 2009 ee
479 1969 546 2028 qure
560 1968 723 2010 convenere
734 1967 850 2010 serrare
865 1949 1009 2020 volumus,
1023 1948 1150 2008 boetium
1163 1967 1283 2010 numero
1302 1950 1356 2011 ba·

260 2043 395 2104 bebimus
405 2063 473 2103 eum
486 2043 537 2122 qui
549 2052 689 2122 tyrannos
701 2041 847 2102 restituit:
869 2051 899 2102 at
912 2059 981 2100 vero
996 2041 1095 2102 dicent
1106 2043 1152 2102 isti
1166 2051 1353 2122 tymnorum

259 2135 393 2209 studiosi,
406 2135 547 2196 Phuisde
561 2135 667 2196 liberos
681 2145 832 2216 propterea
851 2134 931 2213 quod
945 2133 1113 2208 Messeniis,
1127 2145 1279 2214 antequem
1296 2135 1353 2194 sm·

260 2230 317 2289 das
330 2228 473 2299 feriretur,
487 2227 662 2308 imperarint,
675 2227 825 2286 restitutos
840 2228 877 2286 ab
888 2226 1064 2286 Alexandro.
1098 2227 1160 2287 Sed
1174 2225 1296 2287 ridicule
1308 2237 1354 2288 est

257 2324 307 2383 illa
319 2324 402 2394 ratio,
425 2342 516 2403 quum
530 2321 626 2383 bestii
643 2321 761 2401 tyranni
781 2319 840 2380 sint
861 2321 945 2400 ejecti
960 2320 1080 2380 Antissa
1093 2332 1123 2380 et
1145 2319 1275 2392 Haereso,
1299 2320 1352 2380 da-

259 2427 359 2476 mnata
377 2416 439 2496 ipsa
455 2414 672 2496 gubernationis
686 2413 779 2472 forma
799 2421 832 2472 ut
847 2411 964 2492 injusta,
980 2412 1030 2491 qui
1050 2421 1117 2472 ente
1134 2411 1229 2472 fredus
1251 2421 1281 2472 et
1295 2413 1351 2492 ipsi

257 2512 397 2573 dominati
418 2521 503 2571 sant:
525 2508 675 2569 Messenae
687 2506 855 2567 tolerandos
870 2526 944 2580 esse,
964 2526 1031 2567 oum
1047 2506 1181 2586 utrinque
1199 2506 1236 2567 eit
1249 2506 1350 2571 eadem

259 2604 319 2664 indi
361 2606 428 2664 itas.

299 2624 618 2755 tlnDeindeetioedus
635 2688 1058 2757 atatimebinitioGraecos
1079 2690 1236 2753 liberos
1260 2710 1348 2753 esse

260 2786 421 2865 'suisque
455 2781 591 2843 vivere
617 2784 727 2865 legib
738 2804 780 2843 us
803 2784 899 2865 jubet.
957 2785 1037 2851 Quid
1073 2784 1159 2865 igitur
1187 2785 1349 2857 absurdiuS,

221 2871 230 2888 ‘
259 2868 346 2958 quam
359 2884 449 2956 caput
461 2875 501 2935 de
513 2874 648 2937 libertate
661 2874 843 2949 Graecorum,
857 2876 1017 2957 principem
1032 2884 1129 2936 terme
1142 2875 1239 2937 locum
1253 2876 1283 2935 in
1296 2877 1348 2935 fre·

258 2970 340 3039 dere,
354 2978 386 3028 et
397 2966 556 3030 existimari
568 2966 649 3029 illum
662 2968 712 3049 qui
724 2966 844 3028 eosdem
863 2968 1001 3029 servitute
1018 2968 1163 3049 opprimit,
1180 2968 1251 3028 nihil
1269 2988 1348 3028 oom-

257 3060 394 3120 munrbus
408 3059 502 3139 pectis
518 3058 623 3118 iecisse
635 3061 820 3120 contrarium.
849 3060 946 3129 Quare
960 3080 1079 3121 necesse
1091 3061 1242 3135 hebemus,
1257 3051 1346 3120 Athe·

258 3153 385 3225 nienses,
400 3150 526 3211 simodo
540 3150 628 3209 iidem
642 3151 822 3211 servabimus
835 3162 865 3210 et
873 3151 1016 3231 justitiam
1035 3153 1275 3233 colemus,—quo
1293 3172 1347 3213 nos

257 3244 304 3304 isti
314 3252 470 3313 vocantur
480 3240 763 3312 modo-dicebam-,
773 3242 911 3322 correptis
921 3242 1005 3303 armis
1016 3243 1192 3324 adscitisque
1206 3244 1347 3324 sociisqui
1462 3306 1463 3319 p

256 3336 359 3399 volunt
378 3333 536 3414 foedifregis
559 3334 664 3395 inferre
680 3334 808 3397 bellum:
830 3356 867 3395 an
887 3356 955 3397 vero
975 3357 1041 3397 cum
1063 3338 1169 3418 putetis
1189 3336 1345 3417 aliquando
1462 3338 1463 3398 i

254 3429 347 3506 ipsam
356 3427 537 3487 occasionem
548 3426 656 3499 velere,
667 3446 701 3486 ac
711 3426 903 3503 sinejustitia,
912 3428 943 3487 id
954 3430 1032 3509 quod
1042 3428 1179 3507 expediat
1186 3428 1343 3498 conficere:

256 3536 334 3577 nunc
347 3528 499 3597 postquem
520 3528 550 3577 at
568 3519 683 3579 occasio
697 3528 728 3579 et
747 3520 797 3597 jus
815 3529 845 3580 et
865 3520 974 3581 utilitas
995 3540 1054 3580 una
1067 3532 1252 3593 concurrunt,
1267 3519 1345 3581 eliud

254 3608 401 3690 quoddam
414 3619 528 3690 tempus
541 3612 747 3692 exspectabitis
767 3622 830 3670 tum
844 3622 948 3672 restrre
962 3622 1024 3671 tum
1037 3612 1157 3692 reliquae
1172 3612 1299 3674 Graecias
1311 3612 1344 3672 li·
1461 3670 1462 3705 ἒ

253 3700 372 3765 bertana
385 3700 587 3759 vindicanda?

258 3794 262 3806 '
293 3796 322 3854 5.
345 3792 413 3855 lam
427 3792 465 3852 ad
482 3791 562 3852 aliud
577 3793 651 3873 juris
671 3806 759 3876 caput
771 3796 867 3858 renio.
899 3796 1044 3877 Scriptum
1066 3796 1113 3859 'est
1127 3799 1156 3858 in
1177 3798 1297 3871 isodoro,
1311 3798 1344 3858 si

254 3889 313 3971 qui
336 3886 579 3968 respublicas
600 3889 699 3967 apud
718 3910 892 3969 quosque
911 3900 1085 3973 receptes
1106 3903 1193 3963 turn,
1209 3913 1285 3954 cum
1308 3894 1343 3954 in'
1460 3914 1461 3953 l

148 4008 153 4017 ⁴
253 3979 914 4065 pacemjurerent,abrog-everint,
936 4002 1002 4045 eos
1023 3986 1067 4044 ab
1086 3986 1261 4045 omnibus
1283 3986 1340 4046 'iis

254 4074 404 4153 adquos
421 4071 625 4152 pertineat
642 4090 726 4151 pax,
741 4093 811 4151 pro
829 4072 1114 4137 hostibusesse
1132 4066 1346 4137 habendos

254 4165 340 4244 Agite
354 4185 422 4229 vero
432 4164 624 4237 considerate,
638 4164 843 4238 Athenienses,
854 4166 980 4227 Acheros
992 4168 1282 4250 quiPeloponnesum
1296 4169 1339 4229 iu-

252 4251 356 4316 c‘olunt
374 4257 480 4318 liberes
497 4258 636 4318 habuisse
655 4256 805 4317 civitates:
831 4270 862 4318 at
881 4258 1006 4321 Macedo
1030 4280 1110 4321 nunc
1129 4261 1340 4322 Pellenaeorum

251 4349 456 4435 rempublicam
468 4351 620 4434 abrogavit
629 4350 729 4431 ejectis
744 4350 873 4430 plurimis
885 4352 1005 4425 civibus,
1016 4353 1188 4435 illorumque
1199 4374 1269 4435 opes
1284 4374 1343 4415 ser-

251 4442 295 4500 vis
308 4441 438 4511 tradidit,
454 4442 597 4504 Chaerone
609 4443 769 4522 palestrita
782 4455 904 4524 tyranno
923 4446 1067 4527 imposito.
1106 4448 1168 4507 Nos
1181 4466 1250 4509 vero
1264 4448 1342 4527 pacis
1457 4476 1459 4489 ·
