2934 5000
836 39 842 56 Ι

262 303 351 360 ιιι,
512 257 518 266 ’
630 299 803 362 cousus
827 298 999 359 uibrans.

260 469 428 530 paucorum,
447 453 527 532 lsges
547 455 747 514 universorum
769 474 846 524 esse,
868 473 994 532 eumque
1014 450 1067 532 qui
1084 453 1268 532 transegerit,
1290 453 1365 532 sibi,

238 564 239 567 ¹
262 541 311 602 cni
324 543 367 603 ιιι
381 545 459 604 lacta
472 537 525 616 sit,
533 545 700 624 reipublicae
713 546 789 606 velle
801 547 994 606 satisfactum.
1004 607 1007 612 ,
1016 546 1203 623 Quapropter
1212 545 1302 603 etiam
1316 547 1364 624 ip-
1387 619 1394 634 .

157 687 162 698 ,
261 632 323 694 sius
340 635 523 694 contumeliae
544 637 748 708 accusationes
762 639 856 698 cuivis
869 639 987 709 liberas,
1005 638 1063 696 litis
1077 637 1299 697 estimationem
1313 647 1363 697 to·

261 736 319 785 tam
334 727 481 806 publicem
494 730 574 789 lecit.
606 731 695 798 Quod
714 741 844 810 putaret,
856 733 894 790 ab
913 749 949 789 eo
970 730 1021 808 qui
1039 730 1251 790 contumeliose
1270 750 1363 808 agere

214 817 216 830 '
261 816 434 891 institueret,
453 834 512 880 uon
528 839 597 880 cum
622 831 747 895 tantum,
768 822 817 881 cui
838 822 918 882 lacta
934 831 1016 880 esset
1034 821 1147 896 injuria,
1169 821 1224 880 sed
1242 841 1363 899 rempu-

259 908 366 970 blicam
378 913 465 971 etiam
479 913 558 972 ltedi.
590 914 668 973 Et
644 933 671 972 ei
684 935 733 994 qur
726 915 837 974 l'oesus
849 925 937 985 esset,
951 913 1201 973 animadversione
1213 914 1361 981 ιιιιιιιιιι,

258 1018 314 1061 nec
336 1001 440 1063 decere
459 1024 537 1076 eum,
557 1005 689 1085 injuriam
715 1007 772 1065 sibi
791 1006 902 1075 factam
920 1004 1048 1064 rendere
1069 1004 1205 1088 petuma
1233 1005 1275 1064 Et
1297 1024 1360 1064 rem
1460 1062 1461 1089 ,

260 1111 354 1171 usque
377 1095 451 1154 adeo
478 1097 676 1175 exaggeravit,
694 1108 727 1156 ut
746 1098 770 1156 si
789 1097 837 1157 vel
856 1117 941 1157 seruo
962 1097 1143 1157 contumelia
1160 1097 1241 1156 lacta
1263 1097 1362 1168 fuerit,
1460 1096 1461 1179 J

234 1241 237 1248 ,
259 1203 320 1244 non
330 1185 427 1246 minus
441 1187 615 1248 iueecausa
625 1189 773 1268 publicam
785 1190 930 1249 actionem
944 1186 1067 1248 dederit.
1082 1187 1147 1247 Nec
1160 1188 1238 1247 enim
1247 1191 1363 1267 putarit

241 1275 484 1353 urespiciendum,
494 1279 627 1357 quisnam
641 1287 721 1340 esset
733 1299 782 1358 qur
775 1278 963 1338 laederetur:
984 1279 1037 1338 sed
1047 1279 1215 1356 cujusmodi
1225 1299 1272 1338 res
1282 1291 1362 1341 esset
1460 1320 1461 1337 ι

260 1366 429 1443 quoderat.
449 1371 544 1454 Quam
558 1389 625 1430 cum
634 1370 777 1432 dedecere
785 1369 948 1449 reperisset,
961 1371 1059 1430 sanxit
1067 1380 1099 1430 et
1108 1370 1211 1442 vetuit,
1220 1389 1259 1430 ne
1267 1371 1317 1432 vel
1331 1373 1363 1430 in
1460 1394 1461 1401 ¹

260 1477 387 1532 serrum,
401 1463 447 1522 vel
461 1465 579 1522 omnino
594 1465 627 1533 iu¹
636 1483 806 1544 quenquam
821 1463 1058 1522 committeretur.

276 1597 280 1604 .
304 1554 350 1613 14.
372 1553 441 1614 Non
453 1557 529 1614 eni'm
540 1567 594 1628 est
605 1575 663 1615 non
673 1567 730 1628 est,
742 1553 937 1614 Athenienses
939 1555 1113 1634 quicquam
1123 1573 1219 1615 rerum
1228 1556 1361 1620 omnium
1460 1604 1461 1609 ι

260 1643 469 1708 intolerabilius
489 1647 676 1718 contumelia,
692 1657 743 1706 aut
762 1647 872 1726 majore
890 1647 972 1706 robis
992 1666 1058 1705 curu
1075 1646 1277 1726 indignatione
1295 1649 1360 1705 rin-

261 1734 429 1798 dioandum.
461 1739 519 1798 Sed
534 1757 606 1819 cape
625 1741 718 1817 ipsam
737 1739 834 1816 legem
848 1738 886 1797 de
898 1731 1083 1810 contumelia
1099 1750 1131 1799 ct
1148 1741 1247 1800 recita
1278 1740 1359 1799 Nihil
1460 1774 1462 1807 ;

198 1841 216 1910 1·
261 1827 338 1885 enim
353 1807 544 1905 prestabilius
557 1839 611 1902 eat,
625 1837 713 1907 quam
727 1830 822 1908 ipsam
836 1830 932 1907 legem
946 1829 1057 1889 audire.

710 2092 713 2099 ι
757 2041 853 2101 unx.
934 2107 944 2121 ,

294 2182 321 2231 Si
330 2147 488 2248 qnis'sliqosni
498 2185 638 2254 contumelia
647 2184 760 2242 sllcosrit,
768 2186 819 2233 sira
828 2199 935 2248 possum,
944 2184 995 2231 sirs
1005 2184 1132 2240 mulierem,
1143 2184 1288 2243 sirarimm,
1294 2187 1359 2250 inge·

215 2259 219 2264 '
237 2259 241 2272 '
262 2274 328 2318 nuos,
343 2268 384 2308 aut
400 2277 488 2316 sonos,
506 2268 546 2309 ιιιι
557 2261 644 2323 aliquid
662 2262 754 2324 legibus
766 2261 916 2309 iutsrdiotnm
927 2260 950 2306 in
961 2260 1043 2306 borum
1054 2261 1155 2321 aliquem
1165 2263 1293 2320 admiserit,
1304 2278 1357 2312 enm

260 2337 391 2398 quicunqne
403 2338 467 2385 rolst
485 2337 672 2394 Atheniensium,
689 2338 727 2386 oui
741 2337 769 2385 ld
782 2339 849 2392 liost,
858 2337 948 2384 doleno
962 2336 1025 2396 apud
1036 2337 1154 2385 sexriros.
1176 2340 1269 2386 Scuriri
1280 2349 1357 2387 antem

172 2423 178 2434 ·
261 2412 376 2460 notionem
394 2415 464 2460 danto
474 2413 596 2461 intrsdies
608 2415 702 2475 triginta
712 2415 774 2476 apud
786 2412 909 2466 Helium,
921 2412 950 2458 ab
966 2411 1045 2459 codic
1056 2413 1305 2474 quominjndicinm
1323 2415 1359 2462 al-
1385 2451 1389 2458 .

260 2490 308 2538 lats
318 2491 396 2543 luerit.
413 2491 456 2558 nisi
474 2491 594 2559 poblicum
612 2490 700 2552 aliquid
716 2489 837 2552 impediat.
865 2488 925 2536 Turn
936 2504 1064 2543 veromam
1081 2487 1183 2551 primm
1199 2491 1246 2538 lieri
1260 2490 1358 2553 polerit.

261 2569 309 2627 Qui
320 2584 376 2617 raro
386 2568 507 2627 damnatus
519 2566 599 2621 luerit,
608 2566 642 2615 illi
654 2567 747 2615 lislisss
757 2565 833 2615 ιιιιιιι
845 2565 931 2613 sumn
941 2566 1049 2621 ιιιιιιιιιι,
1057 2563 1113 2627 qnid
1124 2566 1196 2622 lucre,
1205 2576 1246 2615 snt
1255 2568 1358 2623 solvers,

260 2646 347 2701 debers
359 2644 474 2693 rideatur
491 2645 539 2703 Qui
549 2660 606 2691 rero
618 2644 709 2705 privata
716 2642 807 2704 iudicia
817 2641 927 2692 dictasint
938 2658 967 2689 ex
978 2640 1096 2705 lsgshao
1106 2643 1127 2689 si
1144 2644 1197 2705 quis
1214 2660 1260 2692 nos
1277 2661 1356 2705 perse·
1460 2667 1461 2692 l

260 2728 329 2769 natm
346 2722 549 2775 lnsritactionem,
566 2719 867 2780 sutpsrseoutnsquintarn
884 2718 1047 2779 suffragiorum
1064 2726 1153 2779 partem
1171 2736 1216 2766 non
1233 2722 1342 2788 tulerlts
1334 2737 1356 2768 rs
1460 2721 1461 2784 i

259 2798 322 2845 milla
332 2798 489 2845 drachmarum
502 2796 610 2843 mulctam
623 2796 705 2843 mario
717 2796 799 2843 ιοιιιι.
823 2795 866 2841 Sin
882 2795 1022 2841 contumelia
1031 2796 1136 2857 μοιιιιιι
1152 2798 1266 2873 estimato
1276 2799 1355 2855 luerit,

260 2874 385 2932 vinciatur,
396 2874 417 2920 si
427 2875 552 2935 ingenuom
565 2873 670 2921 all’smrit
678 2872 825 2929 contumelia,
833 2872 909 2919 dones
919 2871 1025 2919 solverit.

164 3006 171 3021 ⁸
261 3022 390 3095 Auditis,
411 3022 620 3095 Athenienses,
644 3024 858 3095 humanitatem
875 3024 961 3104 legis,
983 3044 1063 3107 quse.
1071 3046 1134 3086 nso
1151 3046 1253 3087 ιιιιοι
1282 3026 1355 3087 affici

258 3114 442 3176 contumeliis
457 3116 533 3176 sinit.
565 3116 644 3183 Quid
659 3116 758 3195 igitur,
772 3136 825 3195 per
843 3115 934 3177 deosl
955 3117 981 3176 si
999 3119 1065 3195 quis
1084 3118 1151 3197 lege
1164 3118 1220 3177 bac
1236 3120 1276 3179 ad
1288 3122 1356 3181 bar·

257 3210 343 3270 beros
356 3209 479 3287 perlata,
493 3208 573 3269 un'de
586 3207 730 3288 mancipia
743 3207 774 3266 iu
787 3207 932 3267 Graeciam
941 3207 1139 3281 adducuntur,
1154 3228 1206 3269 vos
1217 3210 1355 3283 laudans,
1390 3217 1397 3237 ⁶

259 3312 289 3369 et
310 3300 349 3361 de
368 3312 467 3361 restra
489 3302 560 3360 urbe
583 3308 827 3371 commemorans,
849 3298 886 3358 ad
908 3317 961 3359 sos
983 3300 1105 3360 dixerit:
1125 3321 1191 3361 esse
1210 3290 1355 3381 quosdam

258 3393 392 3460 Groecos.
405 3392 538 3452 homines
552 3391 774 3463 immansuetis
795 3401 827 3455 ct
847 3388 981 3449 humanis
1003 3390 1131 3451 moribus
1149 3394 1301 3472 praeditos,
1320 3406 1357 3453 ιιι

258 3483 357 3543 multis
370 3482 481 3561 injuriis
496 3486 533 3543 ab
547 3484 581 3543 iis
600 3482 707 3557 affecti,
721 3490 753 3540 et
765 3480 895 3559 paternis
915 3481 1068 3543 inimicitiis
1083 3484 1177 3545 ineos
1196 3487 1283 3563 qussi
1300 3506 1356 3545 ua·

257 3583 329 3631 turae
342 3573 483 3631 instinctu
501 3574 679 3653 propagatis,
703 3584 800 3632 umen
814 3592 851 3631 ne
864 3572 931 3632 illos
952 3573 1070 3650 quidem
1082 3577 1190 3647 vexari
1202 3588 1355 3638 conmme·
1381 3584 1387 3604 ⁴

151 3686 157 3701 ¹
256 3663 329 3735 liose
342 3663 586 3742 patiantur,⁴,quos
608 3666 701 3745 pretio
722 3672 875 3738 numerato
895 3664 933 3723 ad
956 3666 1124 3726 servitutem
1142 3669 1277 3741 curarint,¹
1298 3666 1356 3731 sed
1413 3725 1416 3731 .

256 3756 351 3835 legem
364 3754 479 3833 publice
492 3758 642 3819 sanxerint
654 3757 742 3827 hauc,
756 3754 906 3836 quse-talia
923 3764 1045 3831 vetaret,
1064 3769 1098 3817 et
1116 3760 1225 3835 multos
1233 3765 1297 3835 jam
1313 3764 1355 3822 ob

256 3868 321 3909 cam
331 3849 428 3927 legem
436 3846 571 3927 violatam
579 3846 674 3926 capite
687 3846 865 3906 mulctarint.
899 3846 975 3906 Hac
989 3849 1109 3926 inquam
1121 3850 1149 3908 si
1161 3849 1353 3923 audivissent,

208 3964 212 3975 ·
251 3933 512 4021 'percepissentque
526 3940 649 4009 barbari,
663 3957 700 3997 su
716 3957 777 3997 non
791 3938 969 3997 arbitramini
982 3960 1034 3999 eos
1047 3942 1165 4021 publice
1173 3942 1223 4022 jus
1236 3943 1356 4022 hospitii

255 4036 405 4094 nobiscum
419 4033 552 4092 omnibus
570 4030 714 4091 initurosl
736 4030 813 4089 Eam
830 4028 926 4107 legem
947 4031 1036 4109 igitur
1055 4052 1115 4091 uon
1137 4042 1252 4093 tanurm
1273 4036 1355 4113 apud

256 4126 380 4187 Graecos
394 4123 550 4195 celebrem,
564 4122 616 4183 sed
636 4123 825 4203 barbarorum
838 4121 926 4180 etism
945 4124 1159 4203 approbatione
1176 4124 1354 4204 dignam,is

217 4260 221 4267 .
256 4220 304 4295 qui
330 4217 427 4287 violat,
448 4234 574 4294 quonam
596 4196 739 4296 supplicio
760 4214 801 4272 sit
818 4212 994 4276 alliciendus
1008 4216 1204 4291 considerate,
1224 4230 1259 4279 ut
1280 4221 1355 4299 satis

256 4328 357 4387 graves
371 4322 471 4389 poenas
486 4307 610 4369 dederit.
985 4348 990 4359 ι
1141 4333 1144 4337 ’

299 4400 344 4457 15
366 4400 495 4468 Quod
472 4422 496 4461 ιι
511 4420 577 4479 ego,
593 4400 796 4474 Athenienses,
809 4422 900 4481 quum
913 4404 955 4465 sic
968 4412 1111 4477 tractatur
1130 4422 1150 4463 s
1169 4400 1272 4496 Midias,
1282 4423 1354 4475 ¹non
