2934 5000
242 261 300 348 1'00
428 285 432 298 ¹
633 286 876 351 emurerror
893 284 963 357 rv..

238 411 404 503 v'os'sninir
418 461 440 503 s
449 444 536 504 rebus
548 443 682 523 gerendis
698 442 870 515 abhorretis,
882 450 913 502 et
925 439 1068 519 tantisper
1077 436 1193 502 nove&
1201 445 1339 516 opemtn,

240 533 312 593 dum
325 532 434 594 sedetis
447 543 478 593 et
490 534 596 594 auditis
608 537 658 596 ubi
673 535 755 614 quod
764 535 833 594 nori
844 533 1008 592 nuntiatum
1017 531 1115 590 luerit.
1155 527 1272 589 Deinde
1286 545 1339 586 ve·

139 665 143 676 ·
238 636 331 688 suum
339 629 462 706 quisque
471 628 629 708 digressus,
643 648 701 688 non
711 628 868 688 modonon
878 637 961 687 curat
972 645 1018 698 en,
1026 626 1080 685 sed
1091 643 1146 685 nec
1154 622 1294 684 meminit.

279 721 310 778 2.
331 720 375 779 Ac
389 721 557 800 petulantiae
567 722 684 801 quidem
695 733 725 780 et
738 721 876 792 araritiae,
889 739 948 799 qua
957 737 1027 798 erga
1035 719 1186 777 universos
1197 714 1338 776 mortales

239 809 392 894 Philippus
402 813 501 885 utitur,
515 823 597 874 tanta
609 812 781 892 magnitudo
794 823 850 885 est,
859 821 997 892 quantam
1010 810 1128 870 auditis.
1150 809 1225 867 Eum
1237 819 1338 867 autern

240 917 301 963 non
310 923 398 983 posse
404 905 532 966 coerceri
545 907 642 966 verbis
649 916 679 966 ct
688 904 889 977 concionibus,
897 923 983 964 nemo
994 913 1073 964 certe
1081 903 1213 980 ignorata
1228 899 1339 960 etenim

241 994 268 1072 si
278 1015 295 1055 e
305 996 387 1056 nulla
398 997 501 1070 realis
513 998 544 1056 id
558 997 670 1058 discere
684 997 776 1076 possit
795 997 910 1075 aliquis,
920 996 977 1056 hoc
991 995 1083 1059 modo
1091 1017 1148 1053 rem
1162 992 1337 1073 perpendat.

241 1085 306 1148 Nos
319 1088 401 1149 nullo
415 1107 543 1168 unquam
562 1089 639 1160 loco,
652 1109 719 1150 curn
737 1089 776 1148 de
788 1089 856 1169 jure
875 1088 1083 1167 disputandum
1102 1088 1168 1155 luit,
1183 1087 1263 1154 victi,
1280 1104 1337 1149 nec

240 1177 374 1258 injuriam
388 1182 494 1242 secisse
507 1181 559 1242 risi
573 1201 685 1250 sumus,
699 1182 755 1242 sed
767 1201 871 1242 omnes
884 1182 993 1258 ubique
1006 1198 1187 1257 superamus,
1200 1189 1232 1237 et
1243 1177 1337 1238 vinci-

238 1289 306 1332 mus
319 1272 467 1333 oratione:
490 1273 622 1352 nunquid
640 1273 729 1351 igitur
746 1286 902 1352 propterea
920 1273 961 1332 illi
974 1293 1021 1332 res
1034 1272 1165 1330 adversae
1184 1280 1263 1340 sunt,
1282 1281 1338 1328 aut

239 1365 407 1444 reipublice
420 1365 587 1444 prosperoel
610 1363 739 1425 Multum
753 1378 832 1426 certe
846 1367 946 1426 abest:
968 1383 1034 1424 curn
1051 1363 1129 1422 enim
1148 1362 1197 1420 ille
1214 1363 1337 1440 sumptis

238 1468 307 1537 post
320 1460 408 1518 armls
428 1459 622 1544 progreditur,
642 1479 743 1520 omnes
756 1461 889 1520 fortunas
909 1459 1042 1519 alacriter
1062 1458 1091 1516 in
1111 1455 1267 1515 discrimen
1282 1457 1337 1516 ad·

240 1549 371 1615 ducens:
393 1571 447 1612 nos
461 1572 530 1613 vero
544 1551 689 1624 sedemus,
705 1564 860 1632 postquam
873 1553 921 1612 alii
941 1571 1029 1631 sequa
1042 1550 1177 1620 diximus,
1191 1547 1238 1606 alii
1251 1548 1337 1608 audi-

238 1642 345 1717 rimus,
357 1645 401 1717 fic,
421 1645 464 1704 uti
482 1665 534 1724 por
553 1647 599 1704 est
618 1655 701 1724 puto,
718 1655 752 1703 ut
764 1645 849 1704 factis
866 1645 957 1703 verba
974 1652 1163 1722 superentur;
1185 1651 1215 1699 et
1233 1659 1338 1700 omnes

239 1744 383 1814 spectent,
394 1755 453 1794 non
464 1756 522 1816 qua
532 1755 585 1795 nos
596 1735 734 1814 nequitate
742 1735 788 1796 rel
796 1735 865 1796 olim
875 1735 1041 1807 dixerimus,
1052 1735 1098 1794 rel
1107 1753 1185 1794 nuno
1194 1733 1338 1812 dicamus,

239 1826 293 1887 sed
307 1826 379 1906 quid
392 1828 542 1888 faciamus.
575 1827 665 1907 Atqui
679 1829 824 1908 ejusmodi
837 1849 873 1890 ea
886 1839 966 1899 sunt,
979 1848 1046 1906 quae
1057 1827 1198 1887 neminem
1212 1838 1338 1904 possunt

124 1980 125 1984 ,
239 1919 277 1978 ab
288 1918 393 1998 injuris
406 1917 569 1987 vindictum
591 1939 687 1998 neque
701 1922 777 1980 enirn
790 1922 876 2000 plura
887 1922 926 1981 de
939 1921 975 1980 iis
988 1920 1048 1995 dici
1060 1939 1135 1998 opus
1148 1930 1206 1980 est.

279 2013 308 2070 3.
330 2010 458 2072 Proinde
472 2031 538 2072 com
551 2012 581 2072 in
593 2012 711 2072 Groecioe
723 2013 886 2074 civitatibus
899 2015 931 2074 in
943 2013 1018 2072 duas
1032 2013 1122 2071 hasce
1134 2020 1234 2090 partes
1247 2009 1332 2071 divisi

239 2113 309 2164 sunt
322 2104 410 2176 cives,
423 2103 483 2178 alii,
493 2115 526 2164 ut
540 2123 635 2184 neque
648 2106 676 2166 ri
690 2106 719 2164 iu
734 2125 909 2185 quemquam
923 2106 1074 2185 imperium
1087 2116 1223 2163 exercere
1233 2103 1334 2174 velint,

237 2214 335 2276 neque
349 2196 456 2256 servire
466 2196 613 2276 cuiquam,
628 2197 681 2256 sed
703 2197 732 2256 in
747 2195 880 2257 libertate
897 2207 928 2256 et
940 2196 1054 2275 legibus
1064 2213 1101 2254 ex
1118 2213 1205 2273 oequo
1218 2215 1334 2274 rempu-

236 2289 343 2350 blicam
360 2309 475 2370 gereret
496 2290 555 2365 alii,
564 2300 599 2351 ut
607 2291 717 2356 civibus
729 2291 869 2372 imperare
882 2291 1012 2372 cupiant,
1025 2300 1055 2350 et
1064 2289 1147 2349 alteri
1159 2308 1271 2367 parere,
1282 2309 1336 2368 per

237 2401 450 2461 quemcumque
472 2382 503 2441 id
516 2403 548 2442 se
567 2391 777 2442 consecuturos
795 2384 938 2460 putarint:
960 2381 1044 2461 iiqui
1063 2381 1141 2440 illius
1157 2391 1268 2440 sectam
1285 2400 1334 2440 se·

236 2484 377 2553 quuntur,
391 2475 498 2554 quique
510 2474 679 2556 tyrannides
693 2483 723 2535 et
736 2475 914 2555 principatus
924 2473 1146 2555 concupiscunt,
1159 2472 1267 2551 ubique
1280 2471 1335 2533 do-

236 2567 383 2628 minantur
392 2586 401 2635 a
423 2576 455 2627 et
465 2568 534 2627 urbs
548 2568 579 2625 in
597 2586 657 2649 qua
674 2577 844 2627 constanter
860 2568 974 2628 eolstur
991 2568 1110 2627 libertos
1127 2565 1239 2643 populi,
1252 2566 1334 2625 hand

236 2659 297 2719 scio
311 2679 350 2719 an
364 2658 426 2718 ulle
435 2658 474 2719 sit
483 2658 596 2738 reliqua
614 2679 650 2720 ex
660 2660 806 2731 omnibus,
822 2669 919 2721 resua
931 2668 1074 2737 excepta:
1096 2666 1127 2719 et
1143 2666 1222 2727 sunt,
1237 2659 1286 2735 qui
1298 2658 1334 2717 il·

235 2750 290 2811 lius
297 2770 353 2829 ope
361 2762 491 2829 presunt
499 2750 624 2830 oppidis,
641 2753 776 2811 omnibus
785 2752 819 2811 iis
827 2754 912 2811 rebus
922 2751 1027 2830 quibus
1038 2750 1157 2833 negotiu
1172 2752 1335 2811 conficiun-

235 2852 281 2901 tur
288 2842 467 2921 superiores:
492 2861 613 2920 quorum
623 2844 696 2905 illud
708 2844 830 2923 primunr
839 2844 967 2905 omnium
977 2854 1008 2904 et
1021 2846 1179 2905 maximnm
1188 2844 1333 2923 estquod

233 2934 418 3015 praebitorem
440 2935 552 2995 habent
566 2935 604 2995 ad
625 2956 676 2996 eos
697 2938 937 3018 corrumpendos,
951 2938 999 3014 qui
1022 2938 1179 3015 pecuniam
1198 2938 1335 3017 accipere

233 3026 352 3087 volunt:
375 3024 507 3097 alterum,
528 3026 559 3086 in
581 3048 640 3106 quo
659 3048 719 3088 non
739 3030 834 3089 minus
854 3030 957 3089 virium
977 3041 1033 3103 est,
1052 3031 1133 3109 quod
1152 3029 1209 3091 illis
1228 3032 1332 3110 copiae,

233 3120 339 3204 quibus
351 3138 448 3183 eorum
460 3120 617 3187 adversarii
630 3132 804 3195 evertantur,
820 3142 994 3203 quocunque
1004 3133 1136 3202 tempore
1147 3122 1333 3203 postularint,

235 3224 343 3299 presto
354 3222 432 3273 sunt.
465 3212 526 3273 Nos
540 3231 608 3273 rero
623 3234 681 3273 non
696 3215 742 3275 his
757 3216 844 3275 modo
857 3218 942 3275 rebus
953 3235 1053 3274 sumus
1068 3216 1229 3287 inferiores,
1240 3218 1333 3279 Athe·

236 3304 365 3377 uienses,
378 3304 432 3364 sed
447 3324 501 3363 nec
515 3306 702 3385 expergefieri
715 3326 888 3386 possumusr
909 3306 1074 3367 bominibus
1090 3310 1140 3387 qni
1154 3310 1333 3387 mandrago-

235 3392 363 3456 rsm‘aut
376 3397 495 3475 aliquod
508 3398 652 3473 ejusmodi
665 3399 910 3461 medicamentum
924 3399 1061 3458 biberunt
1074 3399 1203 3460 similes:
1224 3400 1333 3461 deinde

234 3500 433 3569 putot—reta
443 3488 530 3562 enim,
543 3501 577 3553 ut
590 3510 646 3569 ego
651 3492 765 3575 judico,
779 3492 902 3553 fatenda
910 3501 1072 3551 suntz-eo
1087 3494 1189 3572 utique
1203 3503 1291 3571 pacto
1301 3494 1334 3553 in

233 3600 299 3639 eam
321 3576 496 3639 calumniam
516 3591 548 3639 et
569 3592 772 3664 contemptum
785 3585 928 3655 uenimus,
948 3594 982 3643 ut
1000 3583 1093 3662 quiin
1108 3585 1179 3663 ipsis
1193 3586 1333 3663 periculis

233 3682 396 3743 versantur,
407 3672 510 3749 partim
524 3672 562 3733 de
575 3674 740 3757 principatu
753 3676 838 3741 uobis
848 3673 1068 3742 contradicant:
1090 3677 1194 3755 partim
1207 3676 1245 3736 de
1259 3696 1334 3738 con-

233 3764 292 3824 cilii
312 3764 395 3825 loco:
416 3764 533 3843 quidem
553 3766 641 3825 etiem
665 3769 719 3827 soli
743 3768 851 3847 potius,
873 3786 962 3845 quam
975 3768 1059 3828 robis
1083 3768 1277 3848 adjutoribus,
1298 3789 1332 3831 se

233 3856 393 3918 defendere
411 3858 600 3918 decreverint.
643 3860 703 3920 Cur
722 3860 811 3940 igitur
828 3860 894 3919 lroec
907 3859 976 3921 dico
993 3872 1023 3921 et
1041 3860 1202 3921 recenseo?
1225 3860 1332 3939 Neque

232 3952 310 4011 enim
324 3950 403 4023 mihi,
424 3950 531 4011 Jorem
544 3960 638 4010 testor
655 3953 786 4030 deosque
804 3972 917 4025 omnes,
931 3953 1031 4012 odium
1050 3972 1160 4033 quamn,
1183 3972 1284 4013 verum
1297 3966 1333 4015 ut

232 4044 432 4123 unusquisque
442 4041 580 4115 ossuum,
599 4034 880 4115 Atheniensesshoc
894 4054 1055 4122 cognoscat
1068 4056 1099 4105 et
1108 4045 1218 4114 videat,
1231 4047 1331 4123 quoti·

232 4136 350 4197 dianam
365 4135 518 4215 segnitiem
527 4142 558 4195 et
569 4133 743 4207 socordiam,
755 4144 789 4194 ut
801 4135 830 4195 in
841 4135 954 4213 privata
965 4135 1034 4207 rita,
1046 4136 1088 4196 sic
1102 4137 1190 4196 etiam
1203 4136 1233 4195 in
1248 4137 1330 4196 urbi-

230 4228 299 4300 bus,
318 4247 376 4287 non
390 4229 420 4297 in
435 4226 470 4287 iis
485 4227 607 4306 singulis
621 4246 687 4306 quae
698 4227 886 4306 negliguntur
898 4228 997 4286 statim
1010 4227 1212 4299 animadverti,
1230 4228 1329 4289 sedin

229 4338 346 4386 aumma
358 4339 454 4379 rerum
464 4339 624 4381 occurrere.
666 4317 779 4377 Videtis
793 4318 920 4379 Serrium
930 4328 962 4379 et
974 4319 1149 4381 Doriscum:
1170 4320 1235 4380 brec
1249 4322 1330 4383 enim

230 4412 355 4501 primum
368 4402 583 4491 neglectarum
596 4420 664 4491 post
678 4430 781 4493 pacem
794 4410 912 4484 lactum,
926 4431 993 4490 qure
1010 4411 1110 4477 multis
1124 4421 1252 4473 restrum
1270 4434 1329 4481 nec
