2934 5000
223 286 268 346 ss
623 275 918 348 annueretur:
1279 365 1287 376 ἱ

146 448 153 456 ’
231 467 235 474 ·
262 441 292 498 2.
314 437 443 498 Primum
456 439 555 518 igitur,
570 439 684 519 siquis,
708 441 918 512 Athenienses,
932 447 1054 500 securus
1068 431 1206 512 est'cum
1218 429 1322 500 videat

222 539 347 610 quantus
368 529 430 610 jam
445 540 476 591 et
495 551 582 610 quem
597 532 694 592 multis
707 534 818 612 potitus
832 533 871 593 sit
884 530 1045 612 Philippus,
1059 543 1090 591 et
1103 530 1217 591 nullum
1234 539 1322 612 putet

222 619 382 702 periculum
393 641 430 680 ex
443 641 479 682 eo
493 621 663 701 impendere
676 623 787 684 civitati
800 643 893 703 neque
905 633 1008 683 contra
1018 643 1070 684 ros
1083 643 1119 684 ea
1133 624 1322 683 omniacorn·

221 713 327 793 parari,
347 714 443 786 miror,
457 726 488 774 et
498 734 583 793 esque
597 734 649 774 ros
663 735 767 775 omnes
776 725 874 776 oratos
885 715 951 776 volo
963 725 997 774 ut
1005 735 1085 776 meas
1103 715 1229 776 rationes
1247 732 1322 793 pau·

224 807 266 867 cis
279 805 415 877 audiatis,
429 806 535 884 quibus
553 806 700 879 adductus
718 808 807 886 longe
825 809 884 868 alia
901 818 1068 887 exspectem
1083 819 1114 868 et
1125 809 1240 867 bostem
1257 824 1323 866 esse

223 897 391 976 Philippum
418 897 557 977 judicem,
579 909 612 960 ut
646 901 671 960 si
699 902 804 960 melius
827 919 885 980 ego
909 900 1074 980 prospicere
1094 899 1223 970 videbor,
1250 895 1324 956 milri

223 992 439 1070 obtemperetis,
460 991 504 1051 sin
521 995 615 1054 securi
629 993 678 1055 isti
688 1005 718 1054 et
730 994 749 1052 ii
764 995 813 1073 qni
835 994 862 1054 ei
884 993 972 1053 fidem
992 993 1111 1067 habent,
1137 991 1193 1052 illis
1218 1010 1323 1051 assen-

223 1083 342 1145 tiamini.
384 1085 450 1162 Ego
471 1085 568 1164 igitur,
585 1085 787 1158 Athenienses,
804 1105 921 1147 meeum
941 1087 1051 1165 cogito,
1068 1085 1184 1165 quibns'
1195 1085 1324 1164 primurn

95 1254 98 1261 Ι
151 1218 160 1246 ,
224 1179 312 1238 rebus
327 1176 479 1256 Philippus
493 1189 561 1256 post
575 1179 675 1240 initam
687 1179 841 1244 nobiscum
856 1197 959 1257 pacem
972 1177 1083 1258 potitus
1103 1177 1161 1236 sitl
1183 1175 1325 1255 Pylisni·

225 1269 334 1328 mirum
343 1281 375 1330 et
381 1271 467 1329 rebus
477 1269 687 1332 Phoceusibus.
709 1271 788 1338 Quid
797 1270 904 1348 igitur?
916 1270 1163 1349 quemadmodum
1175 1268 1239 1329 istis
1249 1285 1324 1326 usus

224 1359 288 1420 estl
310 1363 384 1430 Quoe
392 1361 538 1423 Thebanis
549 1362 730 1435 conducunt,
739 1382 798 1423 non
806 1382 873 1442 quse
882 1363 1048 1442 reipublicae
1056 1372 1269 1438 nostroe‚agere
1277 1359 1325 1418 in-

224 1451 327 1513 stituit.
350 1453 428 1522 Quid
438 1453 496 1512 ital
510 1453 658 1521 Quoniam
667 1455 693 1515 is
709 1454 831 1526 scilicet,
843 1453 881 1514 ad
896 1455 1100 1540 inexhaustam
1111 1452 1239 1514 habendi
1249 1472 1327 1512 cun-

224 1555 330 1624 cteque
339 1545 368 1604 in
380 1565 463 1604 suam
474 1543 613 1607 ditionem
624 1546 777 1625 redigendi
790 1547 979 1625 cupiditatem
988 1546 1110 1607 consilia
1122 1566 1175 1607 sua
1184 1546 1328 1617 reserens,

224 1657 284 1698 non
304 1639 342 1698 ad
367 1659 469 1718 paoem
492 1639 639 1716 nequead
661 1641 752 1698 otium
773 1639 921 1716 nequead
936 1640 1103 1716 aequitatem
1117 1639 1218 1708 ullam,
1232 1639 1327 1718 probe

224 1728 281 1789 hoc
294 1731 452 1808 perspexit,
466 1748 498 1788 se
512 1741 619 1788 nostrae
632 1729 742 1789 civitati
755 1731 921 1808 nostrisque
934 1729 1074 1790 institutis
1087 1731 1160 1790 nihil
1180 1727 1327 1810 ejusmodi

225 1841 314 1902 posse
327 1825 373 1879 vel
384 1821 513 1899 polliceri
525 1821 572 1879 vel
584 1831 733 1900 praestare,
751 1840 812 1900 quo
825 1821 945 1881 adducti
957 1841 1009 1881 ros
1022 1822 1125 1901 privati
1138 1818 1328 1881 emolumeuu'

226 1913 320 1994 gratia
333 1923 504 1972 ceterorum
519 1911 689 1974 Graecorum
705 1913 817 1992 aliquos
831 1913 886 1992 ipsi
905 1913 1087 1985 condonetis,
1100 1911 1155 1972 sed
1166 1921 1198 1972 et
1204 1911 1328 1988 justitie

225 2005 368 2066 rationem
389 2004 540 2076 habentes,
555 2016 584 2064 et
604 2006 641 2064 ab
659 2004 818 2084 ignominie
836 2005 863 2064 ei
877 2004 918 2065 rei
928 2004 1071 2084 adjuncta
1082 2004 1282 2073 abhorrentes,
1296 2011 1331 2062 et

211 2095 323 2156 omnia
335 2115 400 2174 quse
414 2095 726 2174 decentprovidentes,
738 2095 858 2174 perinde
869 2115 1041 2155 occursuros
1055 2115 1132 2168 esse,
1146 2096 1171 2154 si
1183 2095 1252 2174 quid
1266 2095 1328 2154 tale

227 2197 390 2259 conaretur,
404 2205 439 2246 sc
453 2186 479 2246 si
492 2187 601 2247 bellurn
615 2207 715 2246 secum
730 2187 888 2265 gereretis:
916 2187 1071 2248 Thebanos
1081 2197 1177 2247 autern
1191 2189 1327 2265 putabat,

226 2279 258 2338 id
273 2278 352 2358 quod
361 2278 481 2352 accidit,
494 2280 582 2339 modo
601 2277 655 2358 ipsi
678 2281 791 2339 lucrum
801 2278 942 2349 facerent,
955 2279 1148 2358 permissuros
1162 2289 1197 2338 ut
1209 2296 1263 2338 sno
1277 2282 1327 2338 ar&

226 2373 334 2432 bltratu
349 2384 456 2432 coetera
469 2371 694 2442 administraret,
715 2380 746 2430 et
766 2370 843 2431 adeo
864 2391 921 2430 non
936 2369 1138 2430 adversaturos
1157 2379 1187 2430 et
1198 2369 1329 2448 probibi-

228 2474 319 2537 toros,
328 2475 368 2524 ut
380 2443 467 2523 ermis
481 2462 568 2522 etiem
582 2461 708 2537 adjuturi
721 2471 833 2534 essent,
843 2461 868 2520 si
877 2461 1024 2542 jussisset.
1067 2461 1106 2522 Et
1117 2479 1196 2522 nunc
1211 2461 1328 2523 Messe·

226 2558 292 2616 uios
308 2556 505 2633 Argivosqne‚
519 2574 583 2614 oum
595 2554 671 2613 benc
685 2554 779 2633 ipsam
790 2553 829 2612 de
842 2554 877 2613 iis
891 2553 999 2613 lrabeat
1011 2554 1188 2633 opinionem,
1196 2556 1331 2615 cumulat

228 2650 389 2710 beneficiis.
440 2646 474 2705 ld
496 2645 576 2725 quod
599 2648 737 2705 maximas
756 2643 836 2705 laudi
858 2646 939 2706 vobis
959 2657 1015 2719 est,
1037 2641 1253 2709 Athenienses:¹
1280 2647 1328 2708 his

229 2745 306 2803 euim
320 2741 405 2802 saetis
419 2739 456 2798 de
470 2740 551 2799 vobis
565 2738 634 2797 solis
641 2737 805 2817 judicatum
819 2747 873 2809 est,
883 2758 935 2797 vos
949 2758 1042 2819 neque
1051 2740 1124 2800 lucri
1135 2740 1222 2799 ullius
1236 2759 1330 2801 eausa

230 2836 395 2896 communie
405 2832 576 2891 Graecorum
584 2833 652 2908 jura
662 2830 836 2909 prodidisse,
849 2851 944 2910 neque
953 2844 1079 2892 vestram
1092 2851 1164 2911 erga
1176 2852 1226 2891 eos
1239 2833 1331 2891 bene·

176 2960 178 2963 ·
228 2926 387 2989 volentiam
405 2923 465 2982 ulla
489 2922 581 2999 gratia
601 2921 696 2982 ullove
719 2923 873 2983 commodo
892 2935 1097 2985 commutasse.
1140 2928 1239 3003 Atque
1253 2925 1331 2985 adeo

226 3022 294 3102 =jure
307 3030 338 3079 et
348 3019 384 3077 de
399 3016 482 3076 vobis
495 3016 537 3075 ita
548 3015 635 3074 sentit
649 3025 679 3075 et
697 3016 734 3075 de
750 3016 868 3095 Argivis
883 3016 1084 3077 amThebanis
1106 3017 1198 3091 aliter,
1218 3037 1279 3077 non
1300 3018 1332 3076 in

231 3114 296 3172 hec
310 3110 397 3171 modo
411 3122 541 3188 tempora
554 3107 680 3181 intuens,
694 3108 747 3168 sed
760 3120 791 3167 et
810 3111 958 3189 superiora
976 3110 1173 3169 considerans.
1214 3108 1332 3171 Invenit

225 3206 319 3277 enim,
334 3204 445 3283 opinor,
462 3213 549 3281 atque
564 3200 647 3259 audit
657 3192 773 3260 ¹vestros
795 3204 928 3278 majores,
944 3220 1011 3260 curn
1024 3202 1066 3259 eis
1091 3200 1192 3260 liceret
1210 3195 1331 3279 reliquis

231 3298 372 3376 imperare
387 3294 511 3365 Graecis,
525 3292 683 3352 dnmmodo
696 3293 752 3372 ipsi
768 3293 828 3373 regi
847 3313 948 3373 parere
964 3294 1083 3363 vellent,
1108 3292 1196 3353 talem
1220 3312 1331 3353 sermo-

232 3408 299 3447 nem
325 3406 385 3446 non
404 3384 491 3445 modo
513 3404 572 3443 non
592 3383 742 3456 tolerasse,
755 3404 822 3445 cum
833 3384 916 3444 venit
935 3384 973 3443 ad
993 3402 1043 3443 eos
1064 3383 1187 3443 istorum
1204 3403 1330 3464 possus

233 3479 404 3540 Alexander
415 3478 472 3537 hac
486 3478 549 3556 ipsa
569 3476 605 3537 de
618 3497 707 3537 causa
720 3478 842 3549 fecialis,
854 3496 953 3536 verum
967 3476 1055 3535 etiam
1067 3478 1170 3536 urbem
1194 3478 1329 3540 deserere

233 3573 369 3633 maluisse
392 3584 423 3630 et
443 3569 538 3629 nullas
561 3569 621 3648 pati
642 3588 787 3629 erumnas
807 3588 957 3629 recusasse
984 3568 1116 3648 talesque
1136 3590 1182 3629 res
1202 3572 1332 3649 gessisse

234 3678 347 3751 postea,
362 3686 436 3745 quas
446 3675 479 3723 ut
492 3684 592 3725 omnes
606 3664 752 3725 celebrare
766 3674 906 3744 perpetuo
920 3665 1058 3743 gestiunt,
1067 3666 1110 3724 sic
1119 3684 1173 3745 pro
1185 3666 1331 3745 dignitate

234 3778 335 3823 ornare
349 3776 435 3817 nemo
444 3757 548 3835 potuit,
568 3757 671 3834 quade
680 3777 771 3817 causa
780 3777 830 3817 eas
844 3767 874 3815 et
886 3776 943 3835 ego
956 3768 1108 3837 pretereo,
1114 3758 1198 3837 jure3
1219 3762 1334 3841 majora

234 3858 311 3916 enirn
337 3863 406 3912 sunt
426 3868 524 3909 eorum
537 3848 666 3909 facinora
679 3868 766 3929 quam
780 3870 846 3927 quse
859 3850 987 3909 oratione
1001 3849 1199 3928 explicentur:
1214 3863 1244 3911 at
1253 3852 1333 3914 ‘l'ne-

234 3952 376 4008 banorum
390 3956 420 4002 et
437 3940 611 4019 Argivorum
623 3940 833 4019 majores,illos
853 3942 884 4001 in
898 3940 1024 4001 exercitu
1037 3941 1128 4001 fuisse
1140 3944 1266 4014 barbari,
1276 3945 1334 4005 hos

235 4040 262 4099 ei
275 4058 334 4097 non
348 4056 414 4097 esse
428 4034 605 4095 sdversatos.
648 4032 798 4092 Intellexit
810 4032 897 4111 igitur
905 4044 1044 4112 utrosque
1053 4034 1165 4113 privato
1174 4038 1336 4099 commodo

234 4126 297 4191 fore
311 4138 475 4197 contentos,
486 4142 545 4183 nou
557 4112 739 4189 communem
755 4122 879 4182 Groecioe
886 4124 1040 4182 utilitatem
1050 4135 1242 4204 spectaturos.
1257 4126 1334 4188 Pro·

233 4220 303 4282 inde
318 4221 438 4298 putavit,
452 4237 495 4290 se,
507 4216 532 4277 si
541 4236 594 4276 vos
609 4216 717 4276 amicos
727 4215 895 4293 delegisset,
909 4215 940 4273 in
953 4234 990 4273 ea
1002 4235 1067 4294 quoe
1077 4218 1137 4277 sint
1150 4217 1333 4298 justafuisse

236 4315 431 4383 delecturum,
452 4310 497 4369 sin
520 4306 575 4368 illis
601 4327 643 4367 se·
657 4306 849 4384 adjunxisset,
863 4306 1008 4384 adjutores
1021 4306 1189 4366 habiturum
1202 4328 1266 4367 snm
1279 4328 1333 4369 cu-

236 4404 375 4487 piditatis.
417 4400 467 4463 Ob
480 4400 544 4460 hec
557 4398 623 4461 illos
636 4400 718 4463 robis
731 4408 762 4461 et
773 4397 912 4479 superiori
925 4409 1054 4479 tempore
1067 4409 1098 4461 et
1110 4418 1191 4460 nunc
1203 4400 1333 4481 prefert.
