2934 5000
480 333 884 421 onrurrrmcsrpr).
1183 339 1223 400 rs

119 511 187 557 esso
206 494 435 556 immensam-2
456 493 482 556 si
500 493 566 576 quis
587 473 686 558 sotem
704 493 861 558 modestus
874 501 929 557 aut
944 490 1223 574 slioqrrisirbonus,

120 587 320 668 quotidianam
330 588 399 650 riter
411 579 665 669 intemperentiam
676 599 706 650 et
715 588 884 650 ebrietatem
892 589 1100 650 etssitstiones
1107 587 1224 648 obsum

117 701 173 742 nes
188 681 262 742 ferre
274 692 412 764 nequeat,
426 701 495 743 eum
509 683 619 763 negligi
637 689 668 743 et
679 684 834 745 nulioesse
842 700 974 745 numero.
1015 667 1156 760 Reiiqooe
1169 698 1222 740 ou·

117 781 177 832 tem
191 774 296 852 quibus
312 775 492 841 familiariter
510 780 611 835 utatur
630 775 759 836 latrones
775 787 844 838 esse
861 784 894 837 et
911 774 1080 839 sdmsmres
1096 783 1129 833 et
1145 773 1224 852 ejus·
1246 848 1252 862 Ι

117 865 199 925 modi
219 867 365 942 homines,
378 869 428 949 qui
440 867 574 929 inebristi
587 867 662 931 tsies
675 869 784 930 saltare
803 868 976 931 sdtetiones
993 885 1054 928 non
1073 875 1222 938 recusent,

116 959 222 1036 quales
236 979 291 1039 ego
306 979 384 1022 nuno
405 960 486 1040 'apud
499 973 557 1022 voe
574 961 671 1025 disere
684 979 797 1026 vereor.
838 961 1033 1042 Perspicuum
1046 967 1145 1022 sutem
1165 965 1221 1035 ost,

115 1050 181 1130 hero
192 1071 258 1113 esse
270 1073 359 1114 seras
380 1054 488 1114 etenim
502 1071 578 1133 quos
590 1053 659 1115 hino
670 1071 772 1115 omnes
784 1054 983 1136 expellebant,
996 1050 1134 1115 otmuito
1144 1067 1223 1130 pm·
1329 1053 1333 1058 ’

115 1143 316 1223 stigiatoribus
332 1149 498 1228 nequiores,
514 1146 639 1210 Csiiiarn
656 1145 748 1211 istum
766 1147 920 1207 misirtrsm
938 1144 1089 1226 pubiicum
1108 1151 1140 1203 et
1156 1141 1222 1223 ojus

117 1236 234 1314 generis
248 1238 393 1312 homines,
405 1238 455 1318 qui
467 1237 597 1298 ridiculis
612 1239 752 1300 derebus
771 1239 877 1299 mimos
891 1246 988 1318 egunt
1006 1239 1224 1315 obsoonmqne

114 1328 278 1404 oantilenos
288 1331 318 1390 in
332 1331 450 1392 sodales
462 1349 531 1390 suos
544 1339 734 1410 componunt,
742 1331 859 1393 ridendi
867 1349 972 1404 oense,
977 1329 1034 1391 bos
1043 1337 1124 1397 susat
1135 1337 1224 1390 etse,

116 1441 185 1481 oum
198 1421 300 1484 habet.
341 1423 428 1494 Quos,
441 1421 558 1482 tametsi
570 1439 661 1501 parre
669 1422 735 1500 quis
745 1423 903 1496 existimet,
913 1439 1023 1503 magna
1035 1433 1103 1483 sunt
1115 1430 1223 1498 umen,

115 1514 326 1590 Athenienses,
338 1514 456 1586 indicia,
474 1513 578 1594 siquis
597 1531 666 1574 sere
684 1515 808 1593 cogitet,
820 1514 899 1576 illius
915 1513 1025 1593 ingenii
1041 1524 1073 1573 et
1087 1512 1221 1574 moerim.

114 1607 229 1668 Verum
242 1605 307 1667 hoec
319 1607 472 1686 nnnoejos
483 1603 670 1668 successibus
688 1606 902 1675 obscurentmr
922 1605 1163 1686 qnandoquidem
1175 1623 1225 1672 res

114 1699 254 1762 secuudae
266 1719 406 1780 magnam
419 1699 477 1760 uim
490 1698 602 1758 habent
620 1696 661 1758 ed
679 1697 860 1761 oooultenda
881 1709 913 1767 et
931 1695 1136 1760 obumbrando
1153 1700 1225 1765 talia

115 1793 239 1874 probra:
264 1803 296 1853 at
319 1794 343 1854 si
360 1791 480 1876 paulum
500 1791 664 1872 impegerit,
678 1797 742 1851 tum
754 1789 787 1850 in
805 1809 922 1857 omnem
936 1793 1001 1874 ejus
1014 1793 1104 1854 sitam
1118 1801 1149 1854 et
1160 1792 1224 1854 ior·
1346 1788 1349 1794 ’

115 1899 204 1948 tunes
212 1885 381 1966 inquiretur.
404 1885 439 1952 id
448 1884 529 1964 quod
538 1883 612 1964 ipse,
620 1899 687 1944 men
699 1882 818 1966 quidem
827 1885 977 1966 opinione,
988 1884 1113 1956 videtur,
1124 1885 1221 1948 Ame-

117 1981 244 2048 nienses,
257 1977 339 2038 brevi
352 1987 533 2058 ostensurus,
545 1977 569 2036 si
582 1983 613 2062 et
626 1975 668 2037 dii
682 1984 815 2046 annueot
823 1984 854 2037 et
862 1995 916 2038 vos
923 1977 1041 2039 soletis.
1083 1977 1125 2038 Ut
1142 1978 1222 2040 enim

114 2073 146 2132 in
157 2069 326 2152 corporibus
338 2071 456 2140 nostris,
469 2069 541 2128 dum
553 2067 665 2142 ualens,
677 2069 789 2130 nulium
806 2070 882 2131 odeo
892 2088 1014 2143 seusun
1027 2067 1222 2132 dolorisad‘s·

113 2176 187 2227 runt
199 2161 324 2243 singulos
340 2171 440 2240 partes
450 2158 619 2234 isbesootae,
639 2161 684 2222 sin
696 2160 725 2220 in
737 2161 872 2222 morbum
885 2161 1034 2237 incideris,
1045 2163 1146 2224 omnis
1157 2179 1223 2231 mo,

113 2265 231 2328 rentur,
246 2255 308 2315 sive
321 2263 441 2335 mptum
457 2253 497 2312 sit
511 2251 714 2314 siuelnratum
733 2254 797 2316 sire
817 2254 891 2333 qnid
913 2255 994 2330 ahud
1014 2255 1159 2330 vitiatum,
1178 2256 1222 2319 sie

116 2362 148 2413 et
167 2349 319 2412 cistarum
331 2357 362 2406 et
374 2356 576 2427 tyrannorum,
595 2343 663 2404 dum
677 2345 748 2406 ioris
765 2344 845 2409 bella
858 2355 975 2426 gerunt,
991 2347 1120 2407 obrem
1131 2349 1222 2430 vulgo

116 2443 195 2505 moia
209 2448 289 2516 sunt,
310 2439 429 2521 quoodo
448 2447 548 2501 sutem
561 2437 716 2499 {initimum
729 2437 842 2504 bellum
860 2437 1034 2527 conterinis,
1049 2439 1149 2513 omnia
1160 2441 1223 2513 ein,

117 2544 251 2599 oesount.
418 2564 422 2571 ·

158 2632 189 2691 8.
211 2626 244 2689 si
253 2626 320 2707 quis
334 2632 434 2686 summ
447 2632 586 2698 sernum,
602 2618 813 2695 Athenienses,
828 2640 864 2684 eo
874 2620 1020 2685 diflessom
1035 2639 1104 2687 essa
1126 2642 1222 2708 oppu-

116 2731 210 2803 gnetu
224 2718 392 2801 Philippum
406 2716 566 2791 existimet,
579 2716 661 2799 quod
681 2715 864 2804 formnatum
881 2734 948 2779 esse
959 2716 1071 2793 rideat,
1091 2718 1221 2785 orituris

22 2870 24 2873 .
116 2813 239 2897 quidem
261 2811 349 2873 sobrii
371 2809 497 2872 hominis
519 2810 717 2891 cogitationes
738 2828 808 2875 nem
826 2810 952 2873 muitum
969 2809 1001 2871 iu
1023 2810 1140 2873 tonum
1157 2830 1220 2875 mo·

116 2906 209 2967 menti
223 2914 278 2979 est,
289 2924 325 2965 ao
336 2924 372 2965 ea
384 2905 481 2985 potios
496 2904 559 2964 sole
573 2903 602 2963 in
613 2902 750 2964 omnibus
763 2902 930 2962 mortalium
938 2904 1025 2968 rebus
1036 2903 1219 2971 dommum

116 3016 175 3081 ego
188 3010 298 3070 tamen,
312 2995 338 3057 si
351 2996 430 3078 optio
448 2992 520 3056 mihi
540 2995 635 3070 detur,
656 3002 767 3057 nostros
788 2996 870 3055 urbis
894 2995 1051 3070 inmunem,
1063 2998 1154 3060 modo
1166 3016 1221 3063 ros

116 3088 177 3173 ipsi
187 3090 233 3154 vei
253 3088 406 3171 paululum
419 3088 517 3149 offioio
530 3088 615 3168 fungi
628 3088 753 3161 velletis,
772 3087 851 3149 iliius
873 3088 1001 3151 tortme
1023 3092 1220 3165 anteferretur

117 3185 212 3246 multo
225 3184 303 3245 enim
317 3182 416 3262 plures
429 3182 512 3243 robis
527 3198 634 3243 censos
647 3180 687 3243 ad
701 3181 829 3243 divinum
840 3181 1223 3248 benevolentiamobtin'en·

115 3276 186 3341 dam
198 3278 295 3337 inesse
307 3274 404 3349 uideo,
426 3290 513 3354 quam
527 3274 578 3337 iili.
619 3272 730 3334 Verum
752 3275 903 3347 sedemus,
923 3282 959 3333 ut
979 3274 1092 3355 opinor,
1111 3278 1221 3347 otiosi:
1291 3268 1297 3276 ’

116 3388 177 3433 non
191 3379 291 3451 potest
303 3378 412 3441 autem,
427 3368 478 3447 qui
490 3367 573 3447 piger
595 3376 652 3439 est,
666 3384 705 3427 ne
718 3364 822 3426 amieis
833 3365 954 3445 quidem
965 3366 1108 3429 mendara
1119 3365 1221 3450 ert-aii·
1321 3436 1325 3441 ,

117 3466 191 3547 quid
201 3464 245 3525 sui
257 3482 349 3529 eausa
358 3458 479 3533 facient,
493 3456 603 3519 nedum
617 3476 688 3517 sene
702 3454 770 3519 diis.
810 3456 881 3518 Non
889 3457 1034 3536 igiturest
1044 3457 1220 3541 mirandum,

116 3560 142 3631 si
157 3558 217 3631 iiie,
231 3574 300 3615 oum
313 3554 376 3634 ipse
388 3550 495 3611 militet
509 3560 540 3611 et
551 3550 674 3622 laboret,
688 3558 722 3609 et
732 3547 868 3610 omnibus
882 3549 970 3609 rebus
979 3546 1222 3626 hostrorum-

113 3651 175 3711 lam
189 3648 236 3709 rel
249 3646 436 3707 occasionem
449 3644 496 3703 rei
510 3640 613 3707 horam
627 3640 841 3720 pretermittst,
854 3658 910 3702 nos
923 3648 1098 3706 cunctantes
1118 3654 1151 3710 et
1165 3648 1219 3710 ds·

112 3750 197 3805 oreta
218 3739 361 3801 iacientes
376 3730 406 3798 et
427 3734 494 3815 quid
512 3734 576 3794 nori
593 3734 631 3793 rs't
643 3731 828 3794 sciscitantes
841 3743 972 3816 superet.
1011 3734 1079 3823 Ego
1100 3740 1219 3818 quidem

113 3836 173 3896 hoe
196 3852 256 3894 non
270 3830 377 3891 miror:
405 3826 583 3890 contrerium
606 3825 704 3907 potius
729 3824 921 3888 admiratione
942 3828 1066 3908 dignum
1088 3840 1179 3905 esset,
1193 3834 1219 3894 si

114 3926 185 3989 nihii
202 3924 317 4007 agendo
331 3940 396 3996 nos,
411 3919 491 4003 quod
509 3919 620 3981 bellum
634 3918 802 3998 gerentibus
812 3920 1033 3994 eonveniteum
1046 3920 1097 4001 qni
1109 3925 1219 4004 ubique

114 4016 213 4087 officio
226 4016 368 4096 iungitur,
380 4014 573 4075 vinceremus.
614 4010 695 4072 iilud
708 4018 807 4072 autem
819 4012 955 4088 demiror,
972 4013 1053 4101 quod
1065 4029 1134 4075 oum
1150 4016 1221 4095 oiim

113 4133 168 4176 vos
183 4104 423 4181 Lacedaemoniis,
438 4104 647 4177 Athenienses,
661 4122 712 4185 pro
726 4106 858 4165 marmori
871 4104 1120 4186 Groeoorumjure
1132 4110 1218 4175 sust-

110 4208 214 4280 teritis,
228 4214 260 4266 et
275 4202 368 4263 molta
381 4220 461 4281 saepe
473 4200 587 4281 privata
600 4194 799 4261 emdiumente
812 4218 880 4279 qum
900 4196 1027 4277 arripere
1048 4196 1134 4261 iiooit
1151 4203 1217 4273 sitis

114 4298 275 4382 aspernati,
286 4306 377 4377 utque
391 4292 440 4355 aiii
455 4294 505 4375 jus
520 4312 607 4353 snum
620 4291 794 4366 obtinerent,
803 4300 917 4368 vestrm
929 4306 1003 4370 opes
1016 4290 1218 4373 impenderitis

112 4394 256 4467 tributum
269 4385 445 4477 conferendo
459 4398 490 4449 et
509 4382 638 4477 pericula
650 4400 704 4466 pro
717 4383 781 4453 eliis
799 4382 935 4455 adieritis
956 4382 1119 4461 militando,
1137 4380 1218 4463 nuno
