2934 5000
350 206 356 214 ’
478 227 714 306 rnrninrrcs
735 225 899 298 emun-
1209 231 1249 295 ιι
1338 219 1357 254 ’-

149 383 228 450 mm
241 381 271 455 ii,
282 382 334 463 qui
345 391 461 445 statuas
473 403 510 444 en
523 347 627 464 argilla
643 383 770 464 fingunt,
782 384 821 446 sd
835 384 931 448 lorum
942 383 1051 446 creatis
1064 384 1251 450 cenmrioues

151 489 182 538 et
194 477 338 550 tribunos,
350 497 411 538 non
424 477 461 538 ad
478 477 597 538 bellurn.
639 479 690 536 An
706 497 766 538 non
776 478 914 557 oportuit,
927 477 1133 551 Athenienses,
1146 489 1251 539 centn·

21 587 23 616 ³
150 569 247 630 riones
257 570 346 641 cives,
362 571 516 650 magistros
532 571 663 649 equiturn
678 570 768 642 cives,
781 581 922 650 pretores
935 571 1114 632 domesticos
1126 591 1205 644 esse,
1216 581 1253 634 nt

21 699 23 740 ἦ
149 681 252 722 revera
266 671 367 724 esseut
378 663 471 742 copim
486 663 627 732 civitatis;
649 675 681 723 at
699 664 729 722 in
744 663 886 724 Lemnum
902 664 1006 724 adimet
1021 673 1139 744 oportet
1157 660 1252 742 ιιιιιςί·

151 764 244 814 suurn
257 755 388 834 equiturn
401 755 482 834 quis
500 756 583 816 robis
597 764 645 815 est
658 757 806 833 aurigare,
820 775 922 818 eorum
940 768 1039 816 autern
1057 757 1108 836 qni
1126 776 1180 836 pro
1195 757 1253 818 rei-

149 846 279 925 publicae
289 847 523 928 possessionibus
534 848 713 928 pretiantur,
724 848 893 908 Menelaum
904 867 970 909 mse
984 849 1157 928 magistrum
1167 849 1254 930 equi·

21 961 22 966 ¹
149 937 236 1020 lumi
266 939 371 1020 Neque
384 939 450 1001 baec
463 939 588 1002 bominis
605 939 838 1020 reprehendendi
850 960 942 1002 caum
960 941 1039 1016 dico,
1061 942 1148 1020 seda
1170 942 1253 1007 vobis

21 1041 22 1054 ¹
150 1051 218 1092 eum
229 1043 359 1093 creatum
372 1053 439 1094 esse
449 1033 614 1114 oportebat,
624 1032 760 1112 quisquis
770 1033 888 1094 tandem
903 1033 954 1097 sit.

194 1126 240 1184 10.
262 1125 409 1186 Fortassis
433 1135 531 1186 autem
558 1125 625 1186 hmo
644 1135 723 1186 recte
745 1126 806 1186 dici
825 1127 952 1207 pntntis;
972 1127 1011 1187 de
1033 1127 1254 1206 pecnniarero,

149 1227 262 1297 quanta
273 1217 340 1289 erit,
352 1228 383 1278 et
395 1217 475 1278 unde
496 1217 688 1296 comparando,
711 1218 836 1278 maxime
860 1218 961 1279 andire
983 1220 1110 1298 cupitisz
1130 1231 1163 1282 et
1177 1219 1253 1284 illud

147 1308 252 1387 utique
264 1309 429 1388 expediam.
472 1309 561 1379 Quod
576 1308 614 1368 ad
628 1308 783 1388 pecuniam
795 1309 883 1387 igimr
895 1309 1011 1382 attinet,
1020 1311 1205 1388 requiruntur
1212 1311 1253 1372 ad

147 1399 289 1460 alendum
301 1401 382 1461 hunc
391 1400 559 1472 exercitum,
572 1401 610 1460 ad
620 1401 729 1462 ciberis
741 1400 887 1460 duntaxat
897 1402 1035 1462 militibus
1045 1403 1255 1480 comparanda,

148 1493 315 1572 nonaginta
327 1493 447 1566 talenta,
461 1503 492 1553 et
504 1492 594 1572 paulo
606 1492 731 1572 emplius
744 1513 753 1562 ς
773 1492 897 1552 navibus
908 1493 1012 1554 decem
1024 1493 1167 1554 celeribus
1179 1513 1255 1574 qus·

148 1585 289 1666 draginta
301 1585 423 1658 talenta,
436 1586 546 1646 ricenoe
557 1585 645 1646 minsa
657 1585 688 1644 in
698 1603 805 1646 navem
814 1584 939 1663 singulis
949 1585 1116 1653 mensibusr
1130 1584 1255 1648 militum

147 1677 267 1740 duobus
281 1678 409 1738 millibus
433 1678 555 1739 totidem
578 1678 645 1752 alis,
668 1687 703 1736 nt
727 1677 801 1739 duas
815 1677 938 1756 quisque
951 1677 1035 1738 miles
1052 1677 1209 1739 drachmas
1222 1679 1255 1740 iu
1307 1746 1316 1760 x

147 1789 281 1834 mensem
293 1791 346 1851 pro
358 1771 473 1832 cibariis
487 1771 631 1852 accipiat:
653 1770 798 1850 equitibus
818 1768 953 1830 ducentis
966 1787 1101 1842 numero,
1118 1769 1146 1830 si
1163 1769 1255 1831 trice·

148 1882 204 1924 nas
225 1865 381 1928 drachmas
403 1865 432 1924 in
449 1883 578 1926 mensem
592 1864 741 1944 accipiant
752 1862 871 1942 singuli,
885 1862 1042 1924 duodecim
1054 1863 1177 1925 talenta.
1219 1863 1255 1924 Si

146 1958 296 2037 quievero
310 1967 405 2036 putat,
426 1969 620 2018 commeatum
641 1975 732 2036 parvo
752 1975 819 2017 esse
839 1956 970 2016 subsidio
989 1955 1026 2016 iis
1044 1956 1096 2036 qui
1116 1956 1253 2027 militant,

144 2071 210 2111 non
223 2061 302 2110 recte
313 2050 421 2110 sentit:
442 2069 498 2128 ego
510 2051 587 2109 enim
598 2059 782 2128 compertum
793 2047 900 2121 haheo,
912 2049 938 2109 si
955 2050 1013 2110 hoc
1024 2049 1136 2109 lactum
1155 2048 1255 2122 fuerit,

147 2143 250 2222 ipsum
264 2143 455 2202 exercitans
475 2141 560 2202 bello.
572 2141 627 2200 sibi
650 2141 764 2220 reliqua
783 2153 1029 2220 comparaturum,
1046 2143 1110 2204 sine
1123 2141 1187 2202 nlla
1205 2141 1256 2205 vet

149 2237 326 2310 Groecornm
348 2235 394 2294 rel
415 2235 559 2294 sociorum
577 2233 691 2313 injuria,
712 2242 747 2293 ut
769 2232 914 2312 integrum
937 2233 1116 2312 stipendium
1136 2234 1256 2296 umens.
1348 2270 1352 2277 ι

151 2329 219 2408 Ego
243 2327 321 2388 ultro
342 2329 484 2406 navigans
506 2345 577 2400 nnn,
591 2325 706 2406 quidvis
719 2325 782 2405 pati
804 2335 924 2404 paratus
947 2345 1019 2399 ιιιηι,
1043 2327 1100 2386 nisi
1122 2325 1188 2386 hmc
1212 2327 1257 2388 its

149 2430 248 2484 erunt.
288 2420 376 2482 Unde
389 2419 478 2501 igitur
490 2418 626 2501 pecnnia,
639 2437 728 2498 quarn
737 2418 858 2503 requiro
870 2437 889 2478 a
900 2417 983 2479 uobis
996 2417 1181 2501 compararit
1198 2418 1257 2480 hoc

143 2517 212 2597 jam
225 2514 332 2575 dicam.

495 2710 760 2775 PECUNIARIA
781 2709 925 2774 RATIO.

196 2886 244 2975 ll.
265 2884 341 2953 Quin
349 2903 414 2957 nos,
422 2883 629 2959 Athenienses,
638 2883 804 2963 excogitare
814 2885 973 2963 potuimus,
984 2884 1137 2945 hoecsnnt.
1165 2882 1258 2949 Post·

153 2996 243 3057 quam
261 2988 359 3039 numm
380 2978 542 3037 sententias
568 2976 835 3056 comprobamini,
846 2996 883 3037 ea
894 2996 962 3055 qnoe
976 2975 1093 3036 libuerit
1103 2977 1188 3039 vobis
1201 2979 1258 3039 de·

151 3071 272 3144 cernite,
286 3080 390 3130 utnon
404 3078 518 3131 tuntum
533 3070 658 3131 decretis
680 3078 711 3130 et
724 3069 814 3131 literis
827 3070 1004 3148 belligeretis
1025 3088 1092 3129 curn
1110 3070 1257 3151 Philippo,

152 3162 312 3225 sedetiam
330 3160 426 3223 lactis.
469 3161 569 3223 Multo
580 3170 677 3223 nutem
697 3162 811 3235 melius,
835 3173 869 3223 ut
879 3162 951 3222 mihi
969 3161 1093 3234 videtur,
1114 3162 1155 3223 de
1176 3164 1258 3225 bello

153 3265 184 3319 et
211 3264 274 3315 usta
308 3254 498 3315 instructione
524 3254 734 3325 deliberabitis,
762 3254 788 3314 si
814 3256 914 3326 situm,
938 3252 1143 3326 Athenienses,
1161 3257 1260 3336 regio-

151 3348 210 3421 nis,
224 3349 272 3409 cui
282 3346 388 3407 bellum
399 3346 521 3419 insertis,
534 3346 774 3415 considerabitis;
795 3356 828 3407 et
837 3345 1015 3425 cogitabitis,
1034 3347 1129 3407 ventis
1142 3358 1174 3409 et
1184 3348 1259 3410 anni

151 3440 331 3519 temporibus
341 3439 516 3518 anticipatis,
530 3438 667 3518 pleraque
677 3439 816 3518 perficere
829 3436 1015 3517 Philippum:
1036 3449 1067 3499 st
1078 3443 1260 3520 enpecntis
1322 3498 1326 3510 ,
1350 3468 1358 3481 “

153 3532 261 3593 Etesiis
282 3543 335 3593 aut
355 3531 471 3612 hyeme,
489 3531 600 3593 mllnm
623 3531 757 3611 aggredi,
774 3548 844 3591 cnm
865 3550 921 3591 nos
943 3531 1013 3592 illuc
1034 3534 1185 3612 penenire
1196 3556 1260 3597 non

151 3644 323 3710 possumus.
344 3624 421 3686 ἫΗίι
443 3626 543 3703 itaque
567 3624 769 3695 consideratis,
788 3633 904 3704 oportet
924 3641 992 3703 vos,
1017 3644 1078 3686 non
1096 3628 1259 3706 repentinis

152 3717 291 3777 subsidiis
317 3716 675 3796 bellare-praeventemur
714 3716 791 3777 enim
824 3717 1030 3799 ubique-sed
1064 3718 1259 3781 insuuotiooe

150 3820 295 3890 perpetus
314 3802 402 3889 etque
421 3811 562 3871 exercitu.
603 3810 715 3871 Licebit
738 3820 836 3871 autem
858 3810 942 3872 vobis
963 3810 1080 3884 Lemni,
1102 3823 1135 3871 et
1153 3812 1260 3889 Thasi,

124 3914 182 3965 'et
203 3902 325 3976 Scisthi,
345 3903 424 3963 etin
448 3902 526 3963 illius
546 3902 603 3963 loci
634 3902 733 3963 insulis
755 3903 918 3984 hybernnre
938 3922 1006 3963 oum
1035 3902 1187 3972 exercitur
1226 3904 1260 3969 in

150 3996 259 4077 quibus
281 4005 313 4057 et
335 4006 446 4076 portus,
461 4005 492 4055 et
510 3996 698 4071 frumentum,
712 4006 744 4057 et
755 3996 854 4059 omnia
876 4016 945 4077 qum
961 3994 1084 4075 reqbirit
1101 3996 1262 4074 exercitus,

151 4099 255 4170 parata
268 4100 353 4149 sunt:
377 4090 445 4149 anni
459 4098 558 4149 antem
572 4098 698 4170 tempus,
716 4110 784 4150 cum
798 4100 830 4150 et
842 4088 988 4168 appellere
998 4086 1038 4147 ad
1051 4098 1160 4148 terram
1171 4089 1260 4155 inuiis

150 4184 200 4255 rit,
226 4191 258 4241 et
270 4202 290 4241 a
301 4182 397 4241 ventis
414 4182 501 4262 juxta
518 4180 611 4259 ipsam
634 4184 794 4262 regionem,
807 4192 837 4242 et
851 4180 1049 4261 emporiorutn
1069 4180 1182 4259 fauces,
1195 4177 1259 4245 ner·

150 4275 276 4333 sontibus
290 4274 360 4333 nihil
376 4275 415 4334 sit
426 4273 560 4355 periculi,
575 4274 714 4351 intellectu
727 4274 814 4336 facile
827 4273 892 4333 erit.

194 4369 244 4429 tt.
266 4366 422 4436 Quomodo
443 4366 544 4447 igitur,
560 4366 723 4449 etquando
747 4364 889 4435 utendum
912 4364 952 4427 sit
964 4366 1228 4453 exemitn,iddux
1241 4386 1262 4428 a
