2934 5000
260 295 316 354 168
676 292 732 354 ΒΕ
752 293 936 359 CORONA.

259 451 337 512 enim
350 447 415 510 illos
427 446 478 508 teli
491 457 620 526 tempore
633 404 819 508 eoeerseretis
830 447 842 502 l
863 447 911 506 Ad
932 443 1056 524 pseemi
1077 453 1108 506 et
1119 443 1267 504 lrebsbent
1278 463 1351 504 on-

257 561 320 604 mes·
340 541 388 602 Ad
401 539 532 600 bellum?
551 537 646 617 stipsi
658 538 697 598 de
709 537 1008 616 pecsoonsultebesie
1029 535 1277 616 Perspicuumsst
1289 537 1352 616 ἰςίᾱ·
1454 527 1455 540 ’

257 632 448 712 mrmspscis
455 630 532 690 illius
543 629 644 709 prioris
655 649 749 708 neque
758 629 863 690 ducem
872 649 967 708 neque
975 640 1123 690 auctorem
1136 625 1236 700 luisse,
1244 647 1347 708 neque

257 723 597 801 ceterorumquicquem,
606 741 671 799 que
683 723 714 781 in
723 741 770 782 me
778 723 929 799 confinxit,
942 741 1043 782 verum
1052 740 1117 782 esse
1130 720 1300 780 ostenditur.

297 818 326 876 9.
348 815 504 893 Postquem
518 831 589 892 ergo
598 833 700 892 pacem
710 814 779 874 iecit
791 815 960 894 respublica,
969 814 1018 874 lric
1030 813 1134 872 iterum
1148 813 1351 884 considente,-

256 908 326 987 quid
339 917 461 986 uterque
477 916 608 966 nostrum
631 924 717 984 agere
730 906 905 967 instituerit:
925 906 1033 966 etenim
1045 923 1084 964 ex
1095 904 1141 964 bis
1153 903 1263 974 scietis,
1276 906 1347 983 quis

255 1000 343 1060 luerit
354 1000 404 1078 qui
417 998 550 1078 Philippo
562 998 593 1058 in
606 999 740 1058 omnibus
760 998 976 1077 suffregeretur,
989 1007 1018 1058 et
1031 998 1097 1075 quis
1109 1006 1212 1058 conns
1225 997 1276 1076 qui
1288 1015 1346 1076 pro

255 1090 339 1161 robis
352 1109 469 1171 opernm
482 1093 645 1150 nereret‘et
655 1090 779 1167 publices
792 1089 935 1150 studuerit
946 1089 1072 1150 utiliteti.
1103 1087 1168 1166 Ego
1182 1090 1281 1167 iteqes
1294 1107 1343 1148 se·

257 1194 341 1246 netor
352 1183 502 1244 decretum
514 1181 572 1242 ieci
588 1191 622 1240 ut
631 1181 721 1260 legati
729 1182 943 1260 quamprimum
955 1182 985 1240 in
998 1199 1034 1242 es
1042 1181 1110 1242 loce
1122 1181 1303 1260 nerigersnt,
1313 1181 1345 1240 in

255 1277 361 1354 quibus
375 1293 440 1334 esse
463 1271 629 1353 Philippum
650 1274 793 1346 eudioent,
808 1284 842 1334 ut
855 1274 914 1352 jusj
919 1273 1059 1335 urendum
1073 1275 1111 1334 eb
1122 1291 1159 1332 eo
1171 1273 1342 1351 exigerent:

255 1366 304 1426 isti
310 1385 388 1437 sero,
395 1383 450 1424 nec
461 1374 614 1443 postquem
621 1364 677 1424 hoc
688 1365 871 1438 decreverim,
879 1365 911 1424 id
918 1366 1013 1425 fecere
1022 1363 1184 1424 voluerunt
1197 1365 1344 1448 'Eeporro

256 1477 301 1518 res
312 1475 399 1536 quem
411 1457 469 1516 sim
482 1456 619 1527 hsbebet,
632 1456 847 1518 Athenienses?
867 1477 923 1536 ego
937 1456 1018 1518 robis
1031 1456 1195 1520 mtendsm
1217 1455 1344 1536 Pbil'qspi

255 1548 393 1610 intererat
403 1557 438 1607 ut
449 1547 523 1607 iuter
536 1559 668 1608 noenum
680 1559 713 1609 et
722 1549 812 1628 ipsius
825 1549 1028 1628 jusjurandum
1040 1565 1129 1627 quem
1141 1547 1344 1627 lougltsimum

254 1652 369 1721 tempus
389 1640 588 1710 intercederet,
603 1651 700 1702 vestre
716 1661 805 1719 quem
823 1641 1034 1702 brevissimum.
1058 1633 1149 1710 'Quid
1169 1640 1234 1702 itaut
1264 1641 1343 1709 Quis

255 1752 317 1805 sos,
331 1752 391 1792 uon
404 1731 441 1790 eb
455 1749 491 1790 eo
500 1739 613 1789 tentum
627 1732 675 1792 die
687 1751 746 1810 quo
754 1732 913 1811 juravistis,
927 1733 979 1792 ssd
992 1751 1011 1793 e
1023 1751 1081 1812 quo
1094 1751 1198 1813 peoem
1210 1736 1264 1792 vos
1276 1753 1343 1812 spe·

175 1891 179 1896 g
255 1824 367 1884 reristis
386 1822 546 1895 habituros,
565 1841 666 1882 omnes
680 1824 748 1883 belli
761 1835 915 1904 epperetus
930 1827 1098 1886 remisistis:
1119 1827 1169 1886 ille
1189 1835 1286 1886 eutem
1306 1845 1342 1886 ex

255 1914 334 1973 omni
346 1924 475 1991 tempore
495 1911 552 1972 hoc
564 1912 688 1974 menime
710 1914 894 1987 moliebatur,
906 1926 998 1989 retus,
1019 1917 1050 1978 id
1063 1917 1142 1996 quod
1154 1937 1256 1978 serum
1268 1929 1341 1988 eret,

254 2023 437 2084 quecunque
446 2014 514 2064 ente
526 2003 628 2064 detum
633 2004 837 2085 jusjurandum
847 2007 955 2068 ciritetr'
967 2021 1074 2070 nostre
1087 2009 1293 2088 preripuisset,
1306 2029 1342 2071 ee

256 2116 289 2158 se
303 2097 400 2158 omnia
420 2097 504 2158 firme
514 2097 570 2158 sibi
584 2097 768 2168 hebiturums
790 2100 936 2160 neminem
948 2101 1024 2162 enim
1043 2103 1163 2162 istorum
1181 2121 1272 2162 eeuss
1288 2123 1341 2182 pe-

255 2210 320 2252 oem
331 2192 551 2272 dirempturum.
577 2194 651 2259 Qere
663 2211 730 2254 com
744 2213 800 2274 ego
813 2193 1009 2272 providerem,
1022 2193 1226 2268 Athenienses,
1239 2209 1271 2258 et
1281 2213 1343 2256 ms-

255 2304 323 2344 cum
342 2295 516 2366 repeterem,
536 2285 594 2346 boe
611 2285 761 2348 decretum
778 2286 844 2359 ieci,
858 2296 891 2346 ut
910 2288 938 2346 in
953 2305 989 2347 ee
1008 2286 1083 2360 loce,
1103 2287 1134 2348 in
1148 2289 1252 2368 quibus
1266 2300 1345 2348 esset

254 2377 416 2458 Philippus,
430 2379 517 2456 legati
537 2377 710 2458 nerigerent
726 2389 758 2438 et
772 2379 977 2457 jusjurandum
989 2398 1076 2457 quern
1094 2380 1257 2440 meturrime
1277 2381 1341 2440 eri·

253 2483 373 2551 gerent:
394 2483 428 2531 ut
440 2470 601 2533 'lbreeibus
613 2471 700 2533 sociis
710 2470 815 2532 restris
828 2490 865 2532 ee
877 2470 986 2552 oppida
1003 2473 1179 2545 tenentibus,
1197 2491 1264 2551 que
1283 2472 1342 2534 iste

254 2565 342 2626 modo
350 2564 434 2625 irrisu
444 2564 651 2636 insectebetur,
665 2563 792 2623 Serrium
807 2574 838 2624 et
847 2564 988 2643 Myrtium
999 2574 1030 2625 et
1042 2564 1202 2644 Ergiscem,
1210 2564 1342 2625 diceren-

253 2665 301 2715 tur
313 2654 390 2715 adeo
402 2664 594 2726 sacramente,
607 2674 702 2734 neque
715 2656 765 2715 ille
784 2656 954 2735 opportunis
967 2656 1039 2718 locis
1056 2658 1206 2736 occupetis
1219 2657 1343 2719 'lbreoie

131 2786 136 2791 ·
253 2747 405 2826 potiretur,
417 2766 491 2807 neue
504 2766 611 2825 megne
626 2747 695 2831 inde
709 2744 845 2826 pecunie,
859 2748 1012 2826 mediisque
1030 2750 1167 2811 militibus
1184 2750 1342 2809 instuctus

253 2838 381 2916 reliques
395 2836 536 2918 deinceps
558 2856 605 2897 res
618 2838 731 2898 l'eeilius
748 2837 965 2914 aggrederetur.
997 2839 1062 2899 Hoc
1083 2840 1171 2917 igitur
1192 2836 1341 2901 decretum

254 2950 314 2999 non
326 2939 541 2999 commemoret,
554 2948 649 3008 neque
661 2928 780 2988 recitet:
809 2927 861 2987 sed
875 2928 966 3006 siege
978 2938 1095 2989 senetor
1107 2949 1175 2991 cum
1187 2950 1284 2991 essem
1294 2934 1340 2993 in·

253 3022 451 3085 troducendos
460 3040 526 3084 esse
540 3022 652 3099 legetos
665 3020 776 3091 censui,
789 3020 819 3081 id
831 3038 899 3079 vero
909 3020 1075 3083 insectetur.
1102 3024 1143 3083 At
1154 3024 1225 3101 quid
1238 3044 1285 3086 me
1296 3027 1341 3087 ιί-

253 3136 320 3179 oere
331 3114 503 3195 oportebetl
524 3116 571 3173 Ao
583 3134 626 3200 ιιι,
639 3113 695 3174 illis
709 3113 805 3173 editus
819 3122 898 3173 esset
909 3115 1106 3203 adcoecioeer
1120 3114 1278 3179 decernere
1292 3122 1340 3200 qui

253 3208 363 3274 ideireo
376 3215 527 3277 renerent,
548 3215 582 3265 ut
593 3205 744 3266 vobiscum
757 3206 965 3283 loquerenturl
986 3208 1033 3267 An
1048 3228 1085 3269 ue
1098 3208 1180 3269 locus
1192 3210 1228 3269 iis
1248 3212 1286 3271 eb
1296 3229 1342 3271 er·

253 3304 381 3365 obitecto
401 3301 553 3382 spectandi
568 3300 663 3380 gretie
682 3292 801 3361 deretur
819 3300 939 3361 vetere?
974 3302 1015 3361 Αι
1035 3302 1149 3363 duobus
1162 3304 1256 3365 obolis
1276 3326 1341 3385 spe-

253 3405 390 3463 etessent,
402 3395 459 3455 boc
473 3395 500 3454 si
508 3394 658 3457 decretum
672 3412 731 3452 non
739 3392 854 3455 munst
876 3390 992 3473 Exigue
1003 3395 1073 3455 mibi
1086 3396 1252 3475 reipublice
1261 3416 1339 3458 oon-

253 3486 342 3545 mode
361 3484 504 3545 smnus
518 3496 613 3558 erent,
624 3504 737 3545 summe
749 3502 844 3545 rerum
857 3484 936 3563 quod
954 3484 1000 3546 isti
1021 3486 1152 3548 leoenrnt
1167 3488 1339 3549 sendeeds'l

254 3575 379 3638 Minime
391 3594 468 3635 vero.
502 3577 582 3655 Gepe
594 3577 682 3656 igitur
696 3576 846 3637 decretum
861 3576 917 3637 boc
931 3588 963 3637 et
981 3579 1081 3649 recite,
1100 3580 1178 3659 qued
1199 3580 1255 3641 iste
1275 3598 1339 3641 esne

187 3738 193 3743 ,
255 3667 344 3748 probe
356 3678 456 3728 nosaet
467 3668 633 3745 preterivit
671 3669 785 3729 Recita.

675 3851 918 3917 DECRETUM.

285 3968 405 4017 Monte
417 3965 566 4027 llsesiple‘lm
576 3966 779 4016 nmio-teonis
796 3969 835 4017 dis
846 3970 974 4033 trigesimo,
986 3970 1047 4018 tribe
1059 3971 1185 4039 l’sndioeis
1198 3972 1342 4037 presidente,

254 4044 423 4093 Denostbsess
439 4040 603 4099 vambai·
624 4042 640 4088 i.
655 4043 798 4093 Pesnisssis
814 4046 911 4095 retulit:
932 4044 1047 4103 Quonim
1065 4046 1200 4111 Phiiippus,
1219 4047 1297 4097 dds
1311 4050 1343 4097 ds

253 4134 312 4179 pecs
321 4118 415 4181 legetis,
425 4125 474 4167 rsts
482 4118 596 4183 percussit
605 4119 694 4167 ioeders
703 4136 755 4167 oum
766 4122 853 4184 popolo
858 4123 1004 4181 Atheniensi,
1013 4126 1105 4189 plsosrs
1112 4127 1202 4175 mulsi
1209 4126 1341 4189 populoque

255 4194 398 4252 Atheniensi,
405 4212 450 4259 qno
461 4210 507 4261 psx
520 4195 636 4257 seffrsgiis
651 4196 770 4258 populiis
785 4198 859 4259 priros
870 4198 979 4248 concione
994 4200 1092 4263 probate
1100 4203 1240 4260 conficietur,
1250 4202 1341 4263 legstos

255 4282 285 4315 ex
293 4269 398 4318 omuibus
410 4272 590 4320 Atheniensibus
600 4271 672 4333 deligi
683 4273 792 4335 quinque:
808 4290 894 4337 eosque
910 4272 989 4341 populi
1006 4276 1122 4341 suffragiis
1133 4280 1271 4343 approbetur
1281 4278 1342 4326 nulls

255 4358 319 4393 mors
327 4344 465 4411 interposite
474 4364 502 4397 eo
513 4348 638 4411 proficisci,
648 4364 739 4412 quoquo
748 4351 800 4400 loeo
812 4352 947 4417 Plrillppnrn
957 4370 1009 4403 esse
1020 4354 1141 4414 redierint,
1153 4356 1341 4418 etjusjnnndurn

255 4423 286 4470 sb
299 4435 329 4471 ss
338 4422 415 4484 prim
424 4438 516 4487 quoque
530 4436 633 4491 tenpus
647 4430 765 4491 recipient
780 4430 928 4492 vicissimque
938 4432 996 4483 dest
1005 4446 1075 4494 super
1085 4432 1211 4484 lmdsribes
1221 4448 1273 4494 que
1281 4432 1343 4481 lntst
