2934 5000
400 298 567 361 nonunt
588 298 930 364 ARISTOGRATRM.
1155 302 1214 361 887

121 452 303 531 Cdmieges,
316 450 520 524 Athenienses,
533 452 682 532 preclare
704 453 807 513 inulte
828 451 991 525 rintbsnd
1014 454 1076 513 seio
1094 470 1133 513 en
1153 452 1216 513 nile

120 544 189 605 huic
212 541 256 603 rei
276 544 455 624 praestentie,
476 546 523 605 vel
545 546 685 624 equitate
709 547 747 605 sit
768 544 964 626 preferendus.
1012 546 1218 627 Considerate,

120 654 231 712 queso,
243 634 353 713 quinte
361 635 503 713 ¹equitate
517 646 546 695 et
557 636 742 696 humanitate
754 637 793 695 sit
802 636 930 697 condite.
953 638 989 697 Si
1009 638 1099 713 quis,
1111 637 1218 715 inquit,

120 728 284 795 violente
302 738 415 795 morte
442 729 676 795 occubuerit.
717 728 849 787 Primum
867 728 936 807 quie
953 727 1120 807 adscripsit,
1142 729 1217 787 rio-

122 809 239 889 lcurt,
261 819 424 897 significare
438 820 539 894 noiqit,
552 819 644 897 siper
659 818 797 897 ,injurium
809 821 849 879 sit
859 818 1003 889 occisus„
1029 818 1217 898 cognatis

123 911 281 989 pignore
310 929 447 989 cepere
474 909 599 970 licere
627 910 748 985 donee
773 920 842 970 sut
859 909 974 970 eredis
994 928 1147 971 oensem
1166 910 1220 969 di-

122 1002 256 1061 xerint
276 1012 342 1061 aut
359 1000 578 1069 homicides
606 1000 857 1075 ,dediderint
898 1000 1102 1075 Considerate,
1128 1021 1220 1083 quern

122 1093 207 1151 bene.
249 1092 335 1151 Prius
347 1110 467 1152 causam
482 1091 540 1151 diei
550 1090 631 1163 velit,
640 1090 720 1169 quod
733 1091 759 1149 si
768 1091 876 1163 nolint,
888 1102 957 1170 post
970 1092 1039 1151 dedi
1057 1092 1221 1172 imperarit,

123 1186 169 1244 sin
183 1186 286 1244 horum
301 1196 457 1263 utrumque
467 1184 642 1259 detrectent,
652 1182 816 1263 pignore
833 1183 953 1257 licere
983 1185 1073 1262 espi
1099 1204 1221 1262 usqne

123 1276 167 1335 ed
188 1285 276 1347 tres,
296 1295 372 1335 non
393 1276 506 1335 ultre
548 1275 669 1378 Goptre
672 1274 1222 1375 totemigiturhgemhsnedecreturn

121 1366 301 1426 factumest
342 1366 471 1427 Primum
482 1366 568 1436 enirn,
583 1366 607 1425 si
621 1365 687 1443 quis
704 1364 856 1443 occiderit,
866 1364 1031 1438 scribendo,
1045 1384 1105 1426 non
1113 1358 1226 1427 adseri·

122 1457 192 1536 psit,
200 1456 316 1535 injuste,
329 1468 381 1517 aut
392 1457 542 1529 violenter,
556 1457 626 1516 nihii
639 1456 756 1529 ornnino
770 1440 914 1535 dedique:
936 1457 1043 1524 deinde
1051 1462 1224 1537 priusquam

123 1568 242 1607 oensem
263 1548 322 1608 dici
340 1548 472 1627 jusserit,
494 1550 593 1608 stetim
607 1547 724 1625 scripsit
744 1545 833 1607 licere
855 1548 981 1609 abduci:
1002 1542 1144 1627 preterea
1165 1548 1224 1620 lex,

124 1642 149 1701 si
163 1661 387 1721 nequeceusern
398 1640 522 1700 dixerint
532 1642 561 1700 hi
571 1640 648 1719 apud
658 1658 733 1719 quos
747 1640 936 1717 tucteqaedes
948 1649 1006 1710 est,
1014 1658 1110 1719 neque
1123 1650 1225 1701 sontes

125 1732 302 1805 dediderint,
310 1742 412 1793 contre
420 1732 475 1791 hos
489 1734 643 1812 pignorum
651 1731 822 1810 ‚qsptinnern
837 1731 877 1792 ed
890 1740 950 1799 tres
961 1749 1054 1809 usqne
1067 1731 1224 1802 concedit:

125 1827 182 1885 iste
208 1843 275 1883 vero
297 1824 352 1883 hos
377 1825 456 1885 omni
476 1823 597 1882 crimine
615 1822 756 1894 liberarit,
776 1820 860 1880 nuile
879 1839 998 1900 prorsus
1021 1840 1123 1881 eorum
1145 1822 1227 1883 fecte

125 1916 282 1977 mentione.
337 1916 397 1975 Sed
419 1920 481 1989 jem
505 1914 687 1975 exsulantem
709 1915 890 1991 (quenquam
917 1923 1024 1973 nutura
1044 1922 1075 1972 et
1095 1914 1228 1975 omnium

127 2008 290 2067 mortsiinrn
311 2006 458 2077 communi
478 2006 621 2083 suffragio
641 2004 832 2083 cqtpprobnte
844 2004 911 2083 iege
926 2005 1120 2064 constitutum
1132 2005 1179 2075 sit,
1192 2015 1228 2064 nt
1266 2030 1271 2039 ·

127 2098 211 2158 exsui
233 2097 416 2170 admittatur)
440 2097 465 2155 si
492 2095 542 2173 qui
563 2088 753 2174 susceperint,
767 2094 908 2155 societate
929 2094 1071 2155 foederum
1085 2096 1226 2166 excludit,
1255 2102 1261 2111 “

129 2188 292 2267 supplicent
305 2187 335 2245 ni
348 2186 523 2247 dediderint.
563 2185 693 2260 'Rroinde
712 2186 862 2269 tun-qun
878 2204 940 2244 non
952 2187 1089 2265 opposuit
1106 2188 1227 2246 modurn

128 2280 230 2361 cedis,
254 2288 315 2337 turn
338 2278 407 2357 quis
425 2276 567 2356 judicium
590 2296 649 2335 non
673 2276 815 2349 nominet,
837 2287 901 2335 tum
923 2277 994 2353 quie
1022 2296 1125 2355 poenes
1149 2278 1227 2356 exigi

33 2367 39 2375 ’
123 2366 190 2437 sion
208 2371 303 2450 jubet,
314 2380 377 2428 tum
390 2370 470 2446 quis
472 2369 526 2429 det
537 2368 667 2446 undique
677 2366 947 2445 comprehendendi
970 2367 1150 2439 fucultatem,
1164 2379 1228 2427 tum

122 2464 198 2542 quis
223 2481 275 2522 eos
300 2461 351 2540 qui
367 2460 539 2540 receperint,
553 2478 611 2519 non
635 2477 686 2518 eos
708 2458 786 2537 apud
812 2476 888 2537 qnos
909 2458 989 2519 seete
1010 2458 1109 2518 credes
1131 2456 1228 2531 inerit,

129 2554 224 2634 puniri
244 2553 339 2632 jubet,
359 2553 448 2610 rebus
470 2551 597 2631 denique
621 2550 755 2610 omnibus
775 2549 852 2610 hene
869 2569 988 2651 qnoque
1000 2549 1096 2628 legem
1109 2549 1230 2624 decreto

124 2665 184 2706 sno
198 2633 328 2704 violavit.

171 2739 220 2814 ⁰2.
241 2735 305 2819 Age
319 2743 490 2813 sequentem
501 2734 602 2818 recttp

628 2971 730 3052 ιιι.

161 3129 248 3188 iisqne
258 3126 293 3174 iu
303 3127 440 3189 ertoisprrn
452 3127 483 3174 de
497 3141 544 3174 uno
565 3125 615 3174 viro
634 3127 703 3190 terre,
713 3126 759 3174 nisi
773 3127 854 3183 ειίιιι
871 3129 903 3176 ed
923 3143 1004 3177 oues
1013 3127 1166 3179 sudeam
1177 3146 1231 3193 per-
1311 3159 1320 3166 -

127 3203 214 3264 tinent.

133 3343 211 3404 Hoec
223 3342 272 3402 lex
285 3329 373 3399 modo
386 3337 506 3396 recitate
509 3335 651 3416 ,judices
664 3357 724 3428 non
734 3337 796 3416 jani
814 3347 846 3399 et
862 3337 928 3416 ipse
941 3349 989 3398 est
1005 3357 1102 3411 rernm
1116 3343 1230 3421 capita-

126 3435 212 3506 ·iiunr,
226 3431 411 3492 nihilominus
426 3441 534 3498 temen,
547 3439 582 3486 ut
602 3427 626 3486 si
650 3447 708 3508 qun
722 3428 759 3487 ai
751 3448 789 3498 a
802 3429 953 3506 praeclsra.
995 3431 1072 3490 Nom
1082 3442 1117 3493 ut
1130 3432 1233 3512 reliqui
1264 3439 1272 3452 “

126 3529 201 3610 juris
215 3525 350 3594 civitatis,
364 3523 406 3582 ita
417 3521 515 3608 legunt
529 3539 647 3610 quoque
660 3520 797 3598 omnibus
807 3534 922 3600 equam
935 3531 1048 3601 purtem
1062 3543 1128 3584 esse
1141 3526 1234 3585 tribu-

126 3615 239 3679 endam
261 3617 375 3676 censuit
397 3607 574 3694 legistator:
585 3621 796 3702 proptereaque
814 3610 941 3690 scripsit,
965 3613 1049 3674 nefus
1076 3634 1142 3676 esse
1158 3615 1235 3676 ferre

128 3711 228 3788 iegern
244 3727 301 3767 uno
312 3706 390 3767 de
364 3723 436 3776 viro,
448 3704 502 3762 nisr
492 3701 618 3786 'eadem
632 3701 671 3760 ad
684 3719 786 3764 onrnes
801 3722 920 3783 qnoque
939 3704 1134 3766 Athenienses
1146 3709 1235 3785 perti·

133 3821 201 3886 ncre
214 3809 313 3878 quest.
355 3794 507 3865 Quando
499 3795 586 3876 igitur
599 3796 629 3853 in
643 3793 780 3872 confesso
794 3805 850 3865 est,
863 3795 981 3856 decreta
995 3799 1157 3856 secundum
1171 3816 1235 3854 orn-

132 3909 187 3950 nes
205 3891 287 3968 leges
312 3889 397 3954 scribi
412 3895 556 3968 oportere,
579 3885 627 3978 qui
652 3868 829 3961 Cheridemo
852 3885 912 3946 tale
934 3887 1082 3967 quippiam
1099 3887 1235 3966 privatim
1262 3913 1266 3918 ·

135 3983 277 4050 decernit,
290 3980 370 4058 quod
383 3999 442 4038 non
454 3979 537 4037 vo'bis
551 3969 685 4058 oninibus
708 3995 744 4058 ex
767 3995 854 4056 oeqno
876 3977 964 4036 tribui
985 3987 1094 4055 potest,
1113 3977 1139 4035 is
1153 3976 1234 4036 haud

136 4074 224 4132 dubie
234 4073 329 4151 iegern
338 4071 415 4132 banc
428 4067 527 4128 violet.
548 4051 613 4128 Nee
627 4069 704 4148 enim
718 4069 851 4144 profecto
861 4088 928 4148 quse
943 4068 1048 4128 sanciri
1039 4067 1176 4146 legdrus
1190 4076 1235 4128 est

134 4165 233 4234 nesus,
248 4183 284 4222 ea
296 4162 477 4240 inscripsisse
492 4161 616 4220 decretis
629 4160 816 4220 concedetur.

179 4257 229 4342 23„
252 4254 355 4330 Recita
365 4252 646 4340 sequentemuiegem,
660 4269 719 4329 qun
730 4251 795 4309 istte
808 4261 910 4318 omnes
922 4247 1115 4340 constipentur,
