2934 5000
379 294 558 357 CONTRA
579 290 919 359 nutsrocttssuss:
952 349 955 354 ,
1139 298 1201 358 ¹209

105 442 198 507 Haud
211 445 325 525 injuria.
346 446 412 531 lle'c
438 446 516 509 enim
536 449 579 511 als
595 450 765 513 vendebant
785 468 874 512 suam-
887 450 1065 522 libertatem,
1087 462 1118 511 et
1136 470 1201 513 rna·
1322 491 1326 497 ·

105 536 258 613 gnitudine
271 540 433 601 animorum
453 552 567 620 partam
584 542 717 623 gloriam,
741 542 794 603 sed
813 542 927 603 etdum
948 545 1019 624 boni
1038 553 1131 615 erant,
1149 560 1201 603 ecs

104 630 303 693 honorabant:
325 641 356 693 et
368 632 506 712 improbis
520 653 620 695 eorum
635 635 791 695 conatibus
803 635 1002 695 obsistebant:
1023 654 1077 695 ros
1090 644 1201 707 autem,

103 722 308 798 Athenienses,
330 727 565 803 gravissimorum
580 720 728 795 scelerum
742 746 809 787 reos
831 738 862 787 et
878 727 1027 787 convictos
1045 726 1153 806 palam,
1174 724 1201 785 si
1263 740 1272 750 ⁴
1318 702 1323 717 Ι
1392 805 1396 813 ,

103 832 196 875 unum
209 827 298 895 atque
307 817 430 877 altarum
445 818 573 877 facetum
587 818 699 877 dictum
707 818 892 897 protulerint,
902 829 933 879 et
945 838 964 879 a
976 818 1131 879 tribulibus
1146 816 1200 876 eli·

103 918 177 983 quot
186 907 292 969 delecti
303 908 438 970 advocati
452 910 653 989 deprecentur,
667 910 828 982 absolvitis,
841 913 887 971 sin
901 911 1048 973 damnatis
1062 911 1200 989 aliquem,

103 998 261 1059 aestimatio
274 1000 334 1061 litis
349 1012 393 1061 est
408 1020 486 1061 xxv.
514 1000 729 1061 drachmarum.
755 1002 846 1080 Atqui
864 1014 927 1061 tum
945 1003 1080 1062 mrarium
1099 1002 1200 1080 copio·

103 1107 167 1147 sum
191 1102 264 1164 erat,
284 1104 314 1151 et
337 1112 463 1172 maguus
484 1092 651 1172 reipublicae
673 1093 829 1171 splendor:
849 1093 983 1171 privatim
1003 1112 1090 1153 nemo
1110 1110 1202 1172 supra

101 1182 152 1241 vul
194 1204 209 1241 s
226 1185 381 1245 eminebat.
409 1185 534 1264 ldquod
547 1185 790 1245 bincclanssime
804 1186 950 1255 cerniturs
969 1202 1038 1245 nem
1052 1186 1199 1245 Miltiadis

101 1271 133 1332 e't
179 1274 365 1349 hemistoclis,
386 1276 660 1355 aliorumqueillius
673 1278 770 1337 micus
788 1275 944 1335 illustrium
960 1277 1086 1336 virorum
1107 1276 1198 1348 mdes,

102 1364 126 1423 si
138 1367 283 1446 quispiam
295 1378 424 1427 vestrum
437 1369 517 1441 vidit,
528 1368 694 1448 cujusmodi
704 1368 776 1440 sint,
786 1367 905 1447 reliquis
918 1368 1009 1427 nihilo
1020 1388 1088 1429 esse
1100 1370 1200 1448 splen-

103 1456 231 1517 didiores
258 1458 356 1519 sidet:
384 1461 436 1520 sed
461 1461 586 1521 aedificia
605 1458 724 1539 publica
744 1469 776 1519 et
797 1460 1028 1520 substructiones
1052 1470 1144 1519 tantae
1169 1470 1201 1521 et
1305 1442 1309 1467 ¹

102 1548 189 1621 tales,
200 1536 246 1609 ¹ut
267 1551 307 1609 ad
327 1569 426 1610 eorum
441 1552 641 1611 excellentiam
655 1553 812 1630 posteritas
825 1550 898 1611 nihil
917 1550 1028 1611 addara
1046 1570 1137 1631 posse
1154 1554 1198 1612 ri·

102 1638 222 1715 daatnr,
242 1652 276 1702 ut
298 1642 448 1723 propyloea
470 1640 690 1716 bacchanalia,
713 1644 852 1721 porticus,
870 1642 1009 1715 Piraeeus,
1033 1643 1200 1723 etreliqua

101 1734 207 1811 quibus
221 1736 321 1795 urbem
332 1736 503 1796 adornatam
517 1734 668 1814 spectatis.
687 1734 779 1793 Nunc
792 1735 914 1813 privatae
925 1733 1108 1812 singulorum
1123 1754 1200 1795 rem·

101 1826 248 1905 publicam
270 1829 433 1906 gerentium
453 1836 543 1887 tante
562 1846 632 1905 opas
647 1835 727 1905 sunt,
745 1836 780 1885 ut
796 1825 845 1884 alii
858 1822 939 1885 sedes
956 1826 1056 1885 multis
1070 1827 1198 1907 publicis

101 1918 233 1979 aedificiis
246 1919 509 1997 magnificentiores
519 1917 660 1988 babeant,
668 1935 757 1995 agros
767 1916 816 1975 alii
825 1914 924 1994 plures
933 1916 1100 1989 coemerint,
1107 1933 1198 1995 quarn

94 2002 155 2071 'vos
169 2011 282 2071 hahetis
297 2030 398 2069 omnes
413 2010 463 2087 qui
478 2010 506 2067 in
516 2008 630 2089 judicio
646 2007 803 2068 assidetis..
816 2006 892 2075 Qum
904 2026 957 2067 vos
968 2018 1068 2069 autern
1080 2009 1198 2087 publica

100 2102 222 2177 struitis,
236 2111 267 2163 et
279 2101 399 2162 motoria
413 2101 562 2173 inducitis,
580 2111 664 2179 turpe
683 2099 766 2159 dictu
787 2107 833 2158 est
850 2090 938 2177 quarn
961 2100 1020 2159 sint
1038 2099 1149 2173 tensus,
1166 2110 1199 2161 at

99 2196 238 2257 sordida·
308 2238 315 2247 -
898 2182 906 2197 ⁸

143 2292 194 2349 54.
217 2286 466 2366 Nunquid'dicere
478 2288 612 2368 potestis,
635 2302 688 2348 ros
707 2286 901 2346 communiter
912 2284 1067 2364 quesitam
1085 2296 1117 2346 et
1129 2302 1198 2365 par-

100 2390 161 2440 tasn
173 2380 325 2441 relicturos
344 2398 420 2453 csse,
434 2380 512 2440 sicut
524 2381 564 2439 illi
580 2380 723 2463 lecerunt,
738 2379 967 2450 Chersonesum,
987 2377 1196 2457 Amphipolim,

101 2472 222 2552 gloriam
237 2491 332 2532 rerum
348 2470 515 2551 gestarumi
537 2472 634 2538 Quam
648 2490 715 2531 cum
729 2470 813 2530 istius
822 2469 937 2548 generis
946 2463 1023 2530 ciras
1035 2469 1114 2529 omni
1133 2476 1209 2530 nro--

99 2567 148 2626 do·
156 2569 321 2635 absumant,
336 2583 393 2623 non
408 2575 507 2623 tamen
521 2565 678 2624 obscurare
690 2573 827 2642 possunt,
840 2553 1049 2622 Athenienses.
1075 2561 1195 2622 Merito.

100 2657 179 2718 Nem
200 2656 346 2728 Aristidis,
365 2657 414 2734 qui
435 2675 489 2715 suo
511 2657 650 2715 arbitratu
668 2653 822 2714 ordinandi
844 2654 1001 2732 vectigalia
1020 2663 1197 2733 potestatem

99 2751 214 2821 habuit,
224 2768 296 2828 opas
308 2767 345 2807 ne
355 2765 416 2806 una
424 2746 542 2826 quidem
553 2747 774 2815 drachmasunt
783 2756 888 2816 auctae,
897 2747 968 2826 quin
978 2756 1009 2805 et
1018 2745 1197 2825 ejus-mortui

100 2843 189 2902 ianus
202 2840 326 2921 publicis
340 2839 483 2898 sumtibus
498 2848 546 2898 est
557 2839 687 2898 clatum:
708 2839 792 2897 vobis
806 2847 914 2907 numm,
928 2837 1021 2897 sicubi
1035 2845 1109 2917 opus
1122 2847 1197 2911 orat,

99 2937 130 2995 in
144 2935 251 2994 aerario.
265 2931 391 3011 pecunia
410 2931 536 2991 maxima
550 2941 613 2990 erat
633 2930 708 2988 inter
724 2947 827 2988 omnes
848 2929 982 2998 Graecos,
1003 2939 1038 2988 ut
1056 2931 1197 3008 quamdiu

99 3047 153 3087 vos
167 3025 237 3084 loris
245 3023 418 3084 militaturos
427 3021 639 3093 decrevissetis,
650 3021 761 3081 tamdiu
773 3029 907 3100 sumptus
916 3020 1072 3080 haberetis.
1097 3021 1197 3096 Nunc,

98 3118 150 3196 qui
163 3114 372 3194 rempublicam
388 3112 600 3184 administrant,
620 3131 657 3171 sx
674 3113 773 3190 inopis
792 3123 986 3191 pervenerunt
1004 3114 1044 3173 sd
1063 3132 1144 3193 opes,
1165 3125 1198 3175 et

99 3209 183 3287 longi
209 3206 346 3284 temporis
366 3213 531 3264 commeatu
552 3213 622 3262 sunt
641 3203 797 3262 instructi:
816 3223 872 3261 vos
892 3204 1088 3281 publicenec
1106 3205 1196 3265 anius

100 3301 158 3360 diei
171 3298 286 3358 habetis
299 3295 474 3365 alimoniam,
488 3293 542 3357 sed
555 3293 672 3363 accidit,
686 3303 721 3352 ut
738 3292 824 3352 simul
838 3293 948 3369 aliquid
961 3292 1128 3354 iaciendum
1147 3298 1195 3369 sit,

98 3392 186 3456 simul
199 3389 277 3450 unde
290 3388 321 3448 id
333 3397 543 3466 snppesstmos
551 3385 623 3445 nibil
634 3385 780 3456 habeatis.
802 3384 880 3442 Tum
888 3385 963 3442 anim
974 3386 1195 3463 magistratuum

98 3485 237 3546 dominus
250 3491 314 3541 erat
325 3479 462 3559 populus,
472 3497 553 3538 nunc
565 3497 637 3538 vero
652 3488 699 3536 est
713 3475 852 3536 minister.
875 3477 908 3534 ln
917 3493 1008 3536 eausa
1018 3489 1115 3538 autem
1125 3491 1197 3541 sunt

98 3577 159 3648 isti,
170 3575 219 3655 qui
233 3573 451 3644 taliascribunt,
464 3557 495 3630 et
507 3589 560 3630 ros
574 3569 787 3638 assuefaciunt,
801 3581 836 3627 nt
847 3567 1041 3646 vosmetipsos
1054 3589 1195 3650 asperne-

99 3670 182 3741 mini,
194 3685 285 3726 unum
297 3676 385 3743 atque
399 3664 520 3724 alterum
534 3663 684 3724 hominem
698 3659 896 3728 admireminis
918 3661 960 3718 sic
974 3661 1019 3732 lit,
1035 3672 1067 3721 ut
1083 3663 1132 3723 isti
1144 3685 1196 3725 ve·

100 3772 169 3820 stria
183 3757 295 3837 gloriae,
309 3766 472 3834 vestraque
484 3752 834 3826 felicitatishereditatem
847 3761 983 3811 cernant:
1003 3773 1056 3812 vos
1068 3773 1101 3812 re
1113 3756 1197 3838 nulla

98 3850 246 3922 fruamini,
266 3848 319 3908 sed
339 3857 430 3908 testes
451 3846 513 3906 sitis
534 3845 694 3906 alienorum
712 3846 865 3916 honorum,
884 3843 996 3903 nullius
1016 3844 1133 3906 alterius
1153 3847 1196 3906 rei

97 3943 264 4026 participes,
275 3940 331 4000 nisi
344 3938 491 4009 fraudum,
500 3937 606 4016 quibas
619 3935 899 3996 circumscribimini.
918 3935 960 3994 At
968 3944 1093 4012 quantos
1102 3937 1195 4012 gemi-

98 4049 157 4109 tus,
174 4043 285 4114 quanta
308 4029 435 4109 suspirie
457 4029 580 4090 ederent
601 4027 644 4087 illi
664 4029 728 4101 riri,
748 4028 796 4106 qui
821 4045 875 4107 pro
898 4025 993 4104 gloria
1012 4035 1045 4085 et
1059 4025 1195 4090 libertem

98 4139 221 4190 mortem
235 4123 446 4203 oppetiverunt,
460 4131 491 4181 et
503 4121 627 4201 plurima
638 4118 910 4180 honestissimorum
925 4117 1086 4176 facinorum
1100 4121 1195 4178 mons

97 4229 200 4283 ments
217 4216 406 4293 reliquerunt,
423 4215 448 4274 si
461 4215 579 4286 seirent,
599 4231 679 4271 nuno
697 4213 801 4270 urbern
817 4208 857 4267 ad
879 4206 1000 4267 ministri
1016 4206 1148 4268 habitum
1163 4223 1195 4286 et

97 4309 294 4373 conditionem
308 4306 467 4376 redactam,
479 4324 518 4364 sn
528 4304 721 4368 Charidemus
734 4299 945 4361 custodiendus
955 4299 1003 4372 sit,
1012 4299 1194 4364 deliberaret

99 4399 307 4477 Charidemus,
318 4397 367 4458 bei
380 4396 468 4457 mihil
489 4397 542 4456 sed
565 4413 625 4456 non
640 4394 703 4454 hoe
722 4401 883 4470 migrare
896 4409 956 4452 non
974 4391 1041 4468 boc,
1058 4411 1113 4478 nos
1128 4415 1191 4456 ms-

615 4485 671 4544 Sc
821 4505 827 4524 ·
