2934 5000
226 239 281 354 'ld
617 286 871 353 PHILIPPICA
890 290 1035 354 Palm.

239 442 291 524 qui
312 439 424 502 civibus
447 439 605 518 constabit,
625 444 686 524 qui,
700 443 761 504 sive
785 463 838 506 ros
855 463 958 519 mom,
970 445 1033 506 sire
1045 442 1155 524 plores,
1167 445 1230 506 eise
1248 443 1344 520 illan,

240 536 303 598 nive
323 555 539 615 quemcumque
562 535 667 598 ducem
693 537 911 614 creaveritia,ei
930 537 1046 618 parebit
1062 547 1093 599 et
1109 549 1260 617 sequetur.
1302 539 1344 612 Et

240 627 287 690 his
308 639 505 690 commeatum
523 629 618 690 curari
638 629 740 710 jubeo.
782 632 859 698 Qoae
889 640 988 692 eutem
1006 640 1094 691 erunt
1115 629 1162 690 he
1186 631 1291 710 copias,
1309 641 1343 692 et

239 731 368 802 quanter,
391 729 422 782 et
440 721 520 782 unde
543 732 737 784 commeatum
760 721 916 796 habituros,
935 733 968 782 et
990 722 1138 802 quomodo
1160 723 1225 783 hac
1244 724 1343 786 iacere

240 814 384 894 poteritis,
396 833 452 893 ego
466 815 573 887 dicam,
589 815 729 876 ethorum
744 816 860 895 singula
873 834 1005 876 seorsum
1018 815 1183 896 explicabo.
1205 815 1344 896 Peregri-

239 926 295 966 nos
308 907 510 986 dico—neque
527 908 558 968 id
569 909 706 982 feceritis,
720 909 803 988 qnod
823 909 999 988 soepevobis
1012 909 1122 978 nocuit.
1136 909 1208 968 dum
1227 909 1344 970 minora

238 999 349 1078 putatis
372 1000 470 1060 omnin
482 1021 570 1082 qnam
584 1011 726 1082 oporteat,
745 1012 776 1063 et
795 1003 923 1064 maxima
943 1003 974 1062 in
994 1001 1122 1062 decretis
1136 1001 1342 1082 suscipientes,

240 1110 310 1152 cum
324 1091 362 1154 ad
376 1111 435 1152 rem
446 1103 566 1154 ventum
579 1104 635 1168 est,
649 1115 686 1154 ne
700 1114 792 1174 parva
803 1096 920 1175 quidem
929 1095 1045 1156 facitis:
1066 1094 1122 1156 sed
1134 1095 1185 1155 ubi
1198 1095 1342 1174 pervete-

239 1184 337 1248 ceritir
355 1196 386 1246 et
401 1187 646 1265 comparaveritis,
663 1187 720 1248 illis
741 1188 869 1266 adJ'icite,
888 1190 915 1248 si
931 1189 1043 1250 minora
1055 1188 1241 1249 videbuntur.
1262 1188 1342 1250 Dico

237 1279 327 1359 igitur
339 1281 490 1342 unirersos
507 1283 614 1342 milites
627 1303 694 1344 esse
706 1293 842 1363 oportere
854 1283 901 1344 bis
913 1283 1004 1344 mille.
1046 1281 1094 1342 Ex
1105 1281 1161 1352 his,
1175 1281 1343 1342 Athenien·

240 1390 290 1436 ses
304 1383 436 1452 oportere
450 1393 517 1434 esse
532 1373 599 1434 dico
612 1377 800 1455 quingentos,
814 1395 831 1436 e
844 1394 1022 1454 quecunque
1037 1375 1080 1434 illi
1096 1373 1244 1454 deligendi
1257 1376 1343 1438 vobis

240 1475 328 1529 etate
343 1465 528 1541 videbuntur,
547 1469 596 1546 qui
613 1477 725 1529 oenum
741 1478 858 1547 tempus
877 1468 1017 1536 militent:
1038 1486 1097 1528 non
1116 1467 1236 1546 longum
1255 1467 1342 1542 illud,

239 1557 295 1618 aed
308 1569 448 1638 quantum
468 1558 656 1620 commodum
676 1579 744 1622 erse
756 1560 909 1634 videbitur,
927 1569 962 1622 ut
978 1559 1105 1621 subinde
1114 1559 1185 1637 ¹aliis
1204 1560 1255 1621 alii
1273 1581 1342 1622 suc·
1459 1586 1460 1591 ¹

239 1649 361 1712 cedant:
383 1651 511 1730 reliquos
526 1654 695 1732 peregrinos
713 1673 781 1714 esse
797 1653 900 1731 jubeo.
941 1651 1066 1714 Etcum
1084 1651 1139 1726 his,
1152 1654 1268 1733 equites
1287 1657 1343 1717 dn·

241 1753 364 1804 centos:
382 1763 508 1824 qnorum
521 1745 735 1824 quinquaginta
756 1747 817 1806 sint
836 1746 1032 1808 Athenienses
1054 1748 1216 1822 minimum,
1235 1749 1342 1812 eodem

240 1855 300 1914 quo
322 1836 437 1916 pedites
459 1836 548 1898 modo
569 1837 727 1898 militaturi.
767 1837 809 1898 Et
825 1835 1010 1918 hippegines,
1030 1837 1136 1918 quibos
1157 1837 1189 1898 hi
1209 1849 1342 1906 utantur.

241 1929 326 1990 Esto.
359 1929 439 1996 Quid
452 1929 565 1990 adhaec
577 1929 723 2008 ampliusi
752 1931 871 1991 Celeres
885 1930 1017 1991 tdremes
1030 1931 1149 2001 decem:
1170 1951 1246 2010 opus
1263 1933 1342 1996 enim

241 2023 327 2110 pubis
341 2031 397 2094 est,
412 2030 481 2082 ἰιιιιι
500 2021 548 2081 ille
566 2021 692 2082 classem
707 2021 825 2096 habeat,
839 2023 928 2084 ctiam
948 2023 1096 2084 velocibus
1108 2023 1285 2100 triremibus,
1308 2035 1343 2090 ιιι

241 2122 308 2180 tuto
321 2113 415 2194 copies
427 2114 578 2194 navigent.

281 2210 312 2270 9.
335 2207 421 2268 Unde
433 2208 522 2288 igitur
530 2209 578 2268 hae
588 2207 722 2270 alentnri
743 2207 809 2289 Ego
818 2219 849 2270 et
860 2209 919 2270 hoc
928 2209 1024 2270 dicam
1037 2217 1070 2270 et
1078 2209 1246 2284 ostendam,
1258 2222 1344 2292 post·

240 2321 341 2384 quam,
352 2319 405 2362 cur
417 2301 546 2364 tantulae
558 2301 659 2383 copias
670 2303 942 2384 satisessepntern,
950 2301 1070 2363 etcires
1077 2302 1200 2363 militare
1208 2305 1342 2383 jubeam,

241 2395 379 2456 docuero.
417 2395 570 2467 Tentulas,
585 2396 792 2467 Athenionem,
805 2405 963 2476 propterea
974 2395 1055 2475 quod
1067 2395 1153 2457 nobis
1166 2415 1246 2458 nunc
1255 2417 1343 2459 exer

241 2490 331 2551 citum
344 2508 468 2581 pararo'
461 2488 611 2563 nonlicet,
625 2510 676 2569 qur
667 2488 1182 2569 collatissigniscumeodimicetc
1203 2490 1344 2571 sedprre-
1461 2501 1462 2508 ’

240 2582 306 2643 dara
315 2591 361 2642 est
368 2600 499 2653 necesse,
510 2591 541 2641 et
548 2579 604 2641 hac
616 2580 1238 2684 gerendibellirationcutendnmprimum.
1250 2603 1343 2662 quare

241 2696 298 2737 nec
312 2674 469 2735 immensas
488 2690 636 2737 eas—nec
649 2672 727 2733 enim
741 2674 887 2754 stipendia
900 2684 931 2735 et
942 2684 1125 2735 commeatus
1140 2686 1344 2755 suppetunt-

241 2787 298 2835 neo
311 2786 431 2847 prorsus
443 2766 565 2845 exiguas
579 2784 644 2825 esse
658 2774 784 2844 oportet.
819 2766 908 2827 Cives
922 2777 1021 2827 autem
1031 2766 1148 2841 adesse,
1161 2778 1193 2828 et
1205 2769 1343 2849 navigare

242 2880 303 2923 una
312 2868 466 2939 propterea
476 2858 577 2935 jubeo,
592 2858 671 2937 quod
686 2858 766 2937 prius
779 2858 867 2919 etiam
881 2859 1040 2938 aliquando
1053 2860 1143 2921 audio
1155 2863 1342 2940 peregrinum

241 2953 351 3017 aluisse
366 2950 500 3013 Corinthi
511 2950 632 3010 militem
641 2960 765 3011 nostram
771 2954 885 3026 urbem,
897 2952 945 3013 cui
955 2952 1137 3034 Polystratus
1144 2954 1302 3033 prefuerit,
1310 2968 1342 3019 et

242 3047 414 3129 Iphicrates,
425 3054 455 3105 et
464 3043 618 3115 Chabriae,
629 3054 658 3105 et
670 3044 718 3103 alii
730 3045 862 3124 quidam,
875 3056 906 3105 et
912 3046 1104 3125 vosmetipsos
1115 3066 1175 3107 una
1184 3046 1341 3111 militasset

242 3150 282 3213 et,
305 3148 339 3199 ιιι
356 3136 502 3198 audidone
518 3135 655 3216 cognovi,
673 3135 819 3217 peregrini
840 3136 882 3197 illi
899 3136 1050 3197 vobiscum
1066 3139 1225 3217 conjuncti,
1241 3151 1272 3200 et
1287 3162 1342 3205 vos

242 3252 310 3293 cum
320 3231 386 3305 illis,
397 3228 637 3291 Lacedaemonios
645 3228 765 3291 vicistis.
786 3228 949 3307 Postquam
958 3239 1056 3289 autem
1072 3228 1128 3309 ipsi
1138 3231 1344 3315 peregrinipen

242 3322 485 3387 sesebellavnbis
495 3322 614 3393 obeunt,
627 3322 737 3383 amicos
748 3321 915 3398 ¹vincuntet
931 3320 1105 3391 foderatam
1126 3322 1227 3384 hostes
1240 3337 1342 3387 entem

242 3418 313 3479 facti
326 3428 396 3478 sunt
408 3416 532 3495 majores
545 3434 632 3493 quem
647 3414 807 3495 expediret.
838 3414 954 3474 Etcum
967 3414 1006 3475 ad
1019 3414 1130 3473 bellum
1142 3424 1243 3475 nostre
1261 3420 1343 3479 urhis

240 3511 335 3573 obiter
347 3508 537 3589 respexerint,
549 3507 588 3568 ad
599 3508 778 3569 Artabazum
795 3516 827 3568 et
840 3507 944 3585 quovis
957 3506 1087 3584 gentium
1098 3510 1209 3613 potius
1211 3510 1342 3583 abeunt·

242 3605 402 3683 imperator
410 3609 507 3662 autem
522 3619 573 3660 eos
587 3600 728 3679 sequitur,
742 3619 802 3661 non
813 3599 939 3677 injuriat
959 3618 1057 3679 neque
1070 3600 1148 3659 enim
1160 3600 1187 3660 is
1199 3600 1343 3681 imperare

240 3705 350 3778 potest,
364 3714 415 3773 qur
407 3692 575 3773 'stipendia
591 3710 650 3753 non
664 3692 761 3752 solvit.
801 3691 903 3761 Quid
895 3692 983 3770 igitur
989 3690 1103 3771 jubeol
1124 3693 1238 3753 Causas
1251 3695 1344 3759 adini

241 3796 273 3849 et
285 3786 354 3847 duci
368 3796 398 3847 et
409 3785 557 3857 mrhtrbus
570 3784 705 3845 mercede
718 3783 912 3857 numeranda,
925 3795 956 3846 ct
976 3784 1138 3846 domestico
1148 3786 1250 3861 rnrlrte
1259 3788 1345 3853 velut

240 3899 343 3967 eorum
356 3879 523 3959 inspectore
536 3896 604 3957 quse
618 3875 722 3937 educe
736 3887 888 3957 gemntur,
900 3876 1109 3963 adjungendo;
1136 3898 1204 3937 nam
1218 3887 1253 3940 ut
1261 3900 1343 3943 nunc

241 3976 286 4049 fit,
300 3972 424 4034 ridicula
437 3982 483 4033 est
501 3980 601 4032 nostra
621 3990 718 4031 rernm
739 3969 960 4033 administratio.
1002 3970 1036 4030 Si
1057 3970 1125 4049 quis
1137 3971 1215 4031 enim
1228 3992 1281 4033 vos
1293 3992 1343 4044 po-

242 4078 305 4149 get,
313 4083 454 4149 pacemne
468 4065 566 4145 agitis,
577 4062 790 4125 Athenienses?
810 4062 932 4123 Minime
940 4082 1009 4124 vero
1021 4083 1077 4125 nos
1088 4064 1220 4144 quidem,
1234 4066 1344 4127 dicturi

243 4162 321 4229 sitis;
343 4159 397 4221 sed
418 4178 487 4219 cum
509 4158 644 4238 Philippu
665 4156 777 4217 bellum
799 4156 940 4235 gerimus.
991 4156 1099 4218 Nonne
1114 4177 1184 4218 vero
1205 4159 1343 4225 creatise

241 4252 348 4315 vestris
361 4252 471 4312 civibus
491 4252 595 4313 decem
609 4250 806 4323 centuriones,
820 4258 852 4309 et
874 4249 976 4318 duces,
995 4260 1027 4310 et
1046 4250 1190 4324 tribunos,
1204 4260 1236 4314 et
1249 4252 1343 4332 mem·

243 4358 318 4409 stros
334 4345 463 4426 equiturn
478 4344 574 4406 duos?
597 4343 649 4405 Isti
663 4362 732 4404 vero
746 4343 819 4423 quid
828 4343 941 4423 egenti
960 4343 1029 4404 Uno
1042 4342 1094 4403 illo
1105 4352 1242 4423 excepto,
1253 4364 1344 4423 quem

242 4440 281 4505 ad
290 4438 400 4502 bellurn
409 4437 555 4516 miseritis,
563 4436 666 4520 reliqui
675 4456 800 4521 pompos
810 4436 893 4503 robis
905 4436 1020 4501 ducant
1029 4436 1295 4504 cumsacrificulirc
1309 4450 1345 4503 ιιι
