2934 5000
556 309 612 367 nn
633 307 814 369 cosona.
934 379 940 404 .
1165 295 1216 370 ni

131 460 272 538 opadillos
283 463 466 537 computande
481 462 653 522 administer¹
663 472 751 542 atque
759 461 883 542 adjutor,
892 463 942 541 qni
953 461 1026 522 salsa
1035 463 1099 522 hoec
1113 465 1221 524 renunss
1296 509 1301 518 .

130 553 212 612 tiavit
224 552 361 613 etlucum
373 554 457 613 vobis
472 555 549 625 lecit,
564 555 590 614 is
604 565 650 614 est
664 556 713 634 qui
728 555 937 623 Thebanorum
945 570 1023 613 nunc
1038 555 1119 632 luget
1131 555 1219 616 int'or-

129 644 209 704 tunia
226 652 371 724 quamque
385 667 420 704 ea
435 637 680 706 miserabilia'sint
692 647 819 725 exponit,
838 667 905 706 cum
919 645 1063 706 ethorum
1079 656 1220 706 eteorum

129 757 194 816 quse
210 737 408 797 Phocensibus
423 737 591 796 aediderunt
604 749 633 796 et
645 739 773 797 omnium
788 737 912 818 denique
927 757 1108 816 quaecunque
1123 736 1219 798 Graeci

126 830 309 909 pertulerunt
323 829 464 888 malorum
482 831 544 908 ipse
561 839 662 888 auctor
677 832 808 890 exsistat.
840 829 958 889 Scilicet
971 829 1057 901 enim,
1072 829 1218 902 AEschine‚

126 934 160 981 tu
170 935 287 1002 propter
300 942 384 982 casus
399 922 465 981 illos
480 922 593 1000 angeris
608 931 638 980 et
651 921 855 982 Thebanorum
870 924 962 981 uicem
975 923 1069 994 doles,
1082 923 1129 1000 qui
1151 943 1219 1002 pos-

127 1015 274 1074 sessiones
287 1027 388 1075 teneas
402 1013 431 1072 in
446 1013 560 1074 Boeotia
573 1024 603 1073 et
616 1013 728 1073 illorum
748 1031 833 1092 agros
854 1011 946 1085 colas,
966 1035 1022 1092 ego
1039 1035 1106 1074 vero
1125 1017 1217 1088 laetor,

124 1107 176 1184 qui
190 1108 287 1166 statim
303 1105 340 1165 ad
354 1105 527 1185 supplicium
543 1105 720 1184 deposcebat
734 1107 770 1164 ab
785 1125 820 1163 eo
835 1105 884 1183 qui
897 1105 961 1164 hoec
975 1103 1117 1165 effecerat.

170 1201 219 1258 14.
242 1199 303 1258 Sed
316 1198 345 1256 iu
359 1218 424 1258 eam
437 1197 595 1257 orationem
606 1197 703 1268 incidi,
713 1217 771 1276 qua
781 1217 826 1256 me
838 1207 904 1277 post
915 1197 1033 1276 paulurn
1041 1198 1084 1257 uti
1095 1201 1217 1260 fortasse

123 1292 219 1350 multo
247 1291 341 1368 magis
364 1291 537 1349 conveniet:
559 1290 803 1367 revertoritaque
824 1289 1074 1369 adprobandum,
1096 1291 1217 1351 istorum

126 1383 308 1461 corruptelas
322 1392 353 1439 et
365 1383 474 1458 injusta
485 1381 614 1440 facinora
635 1401 735 1441 earum
748 1383 777 1440 in
792 1383 896 1459 quibus
914 1401 993 1440 nunc
1006 1401 1153 1441 versamur
1173 1405 1217 1443 re-

126 1494 192 1533 rum
206 1492 271 1532 esse
285 1491 399 1531 causas.
433 1471 511 1530 Nam
525 1483 679 1551 postquam
693 1491 747 1531 vos
769 1492 787 1532 a
800 1473 935 1552 Philippo
948 1474 1135 1532 circumventi
1148 1475 1218 1534 estis

121 1566 248 1625 istorum
260 1585 358 1644 opera,
368 1563 418 1643 qui
428 1583 459 1623 se
470 1563 498 1622 in
507 1565 699 1642 legationibus
709 1565 842 1624 mercede
849 1565 1015 1624 locaverant
1023 1565 1150 1643 nihilque
1160 1567 1220 1626 veri

123 1659 208 1720 vobis
227 1657 437 1728 renuntiarant,
457 1656 572 1736 decepti
584 1667 683 1716 autem
695 1655 780 1715 simul
795 1669 863 1716 sunt
887 1665 918 1717 et
936 1656 1032 1715 miseri
1052 1655 1218 1718 Phocenses

123 1770 285 1830 eorumque
297 1751 384 1809 urbes
404 1749 521 1819 deletae,
542 1750 612 1829 quid
632 1750 743 1808 factum
764 1749 831 1808 esti
854 1749 1101 1828 Contemptissimi
1123 1747 1219 1810 Thes·

124 1845 179 1906 sali
193 1855 224 1906 et
234 1842 376 1904 vecordes
389 1840 520 1901 Thebani
532 1842 667 1913 amicum,
680 1851 845 1920 patronum,
860 1851 1037 1902 servatorem
1052 1839 1216 1921 Philippum

123 1939 289 1998 ducebant:
312 1936 402 1994 instar
423 1936 550 1993 omnium
570 1936 594 1993 is
608 1935 664 1993 illis
686 1944 764 1994 erat:
786 1943 816 1992 et
835 1954 873 1993 ne
892 1953 995 1993 vocem
1016 1933 1133 2012 quidem
1154 1940 1216 2010 ejus

123 2031 317 2101 assumebant,
330 2028 381 2105 qui
394 2028 474 2086 aliud
487 2028 634 2104 quippiam
645 2026 734 2085 vellet
747 2029 855 2087 dicere.
887 2025 950 2086 Vos
963 2035 1071 2100 autem,
1085 2031 1217 2108 quamvis

125 2145 164 2186 ea
182 2143 248 2201 quae
265 2120 376 2179 fiebant
389 2127 526 2195 suspecta
542 2117 687 2175 haberetis
704 2127 735 2176 et
747 2119 847 2196 iniquo
861 2107 959 2177 animo
976 2119 1100 2190 ferretis,
1112 2140 1216 2200 pacem

124 2226 225 2276 minen
252 2209 429 2271 servabatis:
457 2207 647 2284 nequeenim
670 2218 733 2264 erat
755 2209 833 2286 quod
859 2209 973 2268 efficere
994 2211 1131 2287 poteratis
1153 2214 1216 2272 soli.

124 2302 223 2367 G'raeci
233 2321 348 2383 quoque
356 2301 468 2377 reliqui,
483 2297 625 2358 consimili
640 2297 786 2358 vobiscum
800 2299 909 2359 ratione
923 2300 1039 2380 decepti
1053 2310 1083 2359 et
1097 2323 1150 2362 sua
1166 2324 1228 2383 spe

122 2399 263 2470 frustrati,
277 2415 378 2476 pacem
389 2395 511 2452 libenter
524 2395 687 2464 servabant,
700 2391 816 2452 tametsi
826 2403 924 2454 essent
935 2392 989 2471 ipsi
1002 2394 1217 2471 quodammodo

116 2491 294 2577 jamdudum
307 2489 386 2556 bello
398 2485 534 2547 lacessiti.
558 2486 634 2545 Cum
652 2485 729 2545 enim
744 2504 976 2564 quoquoversum
995 2504 1133 2563 grassans
1148 2488 1217 2548 Phi-

122 2590 218 2667 lippus
238 2583 353 2663 lllyrios
373 2591 402 2640 et
415 2578 571 2650 Triballos‚
584 2578 742 2638 nonnullus
763 2577 849 2637 etiarn
873 2576 1042 2635 Graecorum
1056 2579 1214 2657 subigeret

124 2680 289 2756 multasque
303 2685 334 2734 et
345 2694 467 2752 magnas
481 2672 580 2751 copias
594 2690 647 2730 suo
665 2670 823 2749 subjiceret
834 2670 963 2748 imperio,
977 2680 1007 2729 et
1019 2672 1152 2730 nonnulli
1166 2694 1216 2752 pa·

124 2774 168 2833 cis
191 2764 363 2831 auctoritate
387 2766 453 2824 lr'eti
480 2784 516 2824 ex
538 2764 703 2823 civitatibus
721 2762 791 2820 illuc
811 2762 933 2841 proiecti
953 2776 1215 2843 corrumperentur,

124 2882 245 2947 quorum
259 2880 335 2919 unus
347 2859 393 2916 hic
407 2856 472 2927 tuit,
482 2866 552 2915 tunc
565 2857 672 2933 inquam
683 2872 794 2923 ornnes,
805 2864 907 2912 contra
919 2872 993 2930 quos
1003 2854 1067 2914 haec
1078 2852 1126 2914 illa
1136 2876 1215 2915 com·

123 2958 257 3039 parabat,
275 2951 354 3011 bello
368 2949 597 3008 lacessebantur.
632 2946 765 3015 Quodsi
785 2966 843 3007 non
865 2946 1138 3021 animadvertebant,
1160 2946 1217 3011 alia'

123 3052 189 3108 haec
200 3043 372 3121 disceptatio
387 3051 442 3111 est,
451 3039 579 3117 nihilque
594 3038 631 3097 ad
642 3060 686 3097 me
697 3038 916 3117 pertinet.·Ego
930 3039 1005 3097 enim
1020 3026 1215 3117 praedicebaui

122 3150 155 3200 et
167 3136 351 3200 testificabar,
365 3140 427 3187 turn
441 3132 518 3208 apud
530 3149 582 3188 vos
596 3139 709 3207 semper
720 3139 782 3186 tum
796 3148 970 3206 quocunque
985 3132 1090 3189 missus
1102 3152 1214 3194 msern:

123 3218 255 3290 civitates
269 3232 366 3280 autern
379 3219 570 3297 oegrotab'ant,
584 3222 653 3276 dum
666 3220 734 3276 hinc
750 3220 935 3295 magistratus
954 3221 1094 3297 rebusque
1112 3236 1214 3301 gereri-

122 3324 169 3383 dis
183 3313 314 3399 praefecti
328 3330 451 3370 munera
463 3316 619 3387 captarent
628 3328 663 3368 ac
676 3310 768 3385 pretio
782 3319 1042 3387 cornimperentur,
1056 3311 1135 3372 illinc
1155 3318 1213 3394 pri·

121 3412 183 3477 vati
196 3420 227 3469 et
240 3404 397 3467 multitudo
414 3402 518 3481 partim
533 3399 630 3459 futura
649 3419 708 3457 non
721 3400 913 3477 providerent,
928 3402 1030 3478 partim
1045 3406 1213 3481 quotidiana

122 3501 304 3583 indulgentia
317 3508 345 3556 et
357 3497 418 3555 otio
428 3496 634 3562 inescarentur,
645 3491 773 3570 denique
786 3491 827 3549 sic
841 3510 940 3550 omnes
954 3506 1052 3554 essent
1062 3497 1166 3573 allecti,
1181 3515 1213 3563 ut

122 3600 160 3662 ad
174 3618 206 3659 se
230 3592 347 3673 quidem
362 3587 442 3648 solos
463 3586 571 3646 malum
591 3602 650 3643 non
674 3601 860 3642 accessuram
879 3584 984 3663 singuli
1006 3589 1211 3667 existimarent,

122 3691 175 3755 sed
188 3685 288 3748 alienis
301 3680 436 3761 periculis
449 3697 496 3737 res
510 3696 577 3736 suas
598 3676 627 3734 iu
647 3684 712 3734 tuto
730 3693 762 3733 se
782 3672 925 3733 collocare
945 3697 1032 3755 posse
1051 3684 1210 3743 crederent.

121 3785 223 3861 ltaque
236 3772 415 3836 multitudini
428 3768 529 3849 opinor
541 3768 598 3827 hoc
612 3788 669 3827 usu
678 3768 768 3838 venit,
778 3776 811 3826 ut
823 3787 876 3847 pro
886 3768 997 3829 infinita
1007 3771 1056 3831 illa
1066 3784 1095 3833 et
1107 3776 1209 3833 intem-

118 3863 351 3959 pestivadesidia
359 3866 519 3926 libertatem
529 3862 687 3925 amitteret:
698 3860 948 3939 principibusvero
954 3864 1060 3943 quique
1067 3882 1098 3923 se
1104 3874 1210 3927 cetera

120 3978 227 4051 praeter
236 3954 637 4042 seipsosveudereputabant,
647 3964 681 4012 ut
689 3952 744 4033 ipsi
754 3956 930 4033 seseprimos
940 3956 1068 4013 omnium
1076 3956 1208 4019 venditos

124 4080 187 4120 esse
198 4055 346 4116 sentirent.
360 4050 473 4109 Etenim
482 4053 535 4126 p'ro
545 4046 644 4105 amicis
653 4057 741 4123 atque
752 4046 925 4125 hospitibus,
937 4064 1002 4121 quae
1012 4056 1072 4103 tum
1081 4047 1217 4123 nomina,⁴

125 4170 190 4210 cnm
202 4145 368 4206 muneribus
381 4140 649 4217 corrumpebantur,
663 4137 854 4215 accipiebant,
874 4154 951 4193 nunc
963 4144 1157 4199 assentatores
1178 4156 1208 4204 et

124 4240 180 4299 diis
191 4237 275 4298 invisi
287 4245 318 4293 et
330 4243 437 4293 caetera
444 4230 474 4289 id
482 4250 573 4309 genus
583 4229 690 4299 omnia,
703 4229 807 4306 quibus
818 4226 898 4304 digni
908 4236 985 4295 sunt,
995 4226 1126 4288 audiunt.

116 4372 120 4379 .
168 4332 214 4389 15.
233 4329 321 4386 Jare:
342 4342 427 4383 nemo
440 4323 528 4394 anim,
541 4320 744 4389 Athenienses,
760 4339 817 4397 quo
838 4314 989 4393 proditoris
1005 4316 1120 4383 utilitati
1136 4344 1206 4387 con.

124 4422 204 4485 salat
216 4416 371 4516 pecuniarii
385 4414 519 4485 insumit,
532 4431 628 4490 neque
648 4422 809 4489 postquam
819 4408 855 4465 iis
874 4424 939 4485 quse
957 4407 1080 4472 redemit
1098 4418 1206 4494 potitus

119 4517 175 4590 sit,
181 4508 266 4574 de'iis
276 4525 342 4589 qaae
350 4514 511 4585 supersunt
522 4503 698 4582 proditorem
710 4502 741 4559 ia
755 4496 905 4559 consilium
919 4500 1055 4575 adhibet;
1076 4508 1117 4569 sic
1131 4512 1205 4571 enim
