2934 5000
212 337 251 396 ιι
460 345 463 352 ’
556 333 832 399 οιιιιιιιιιοι
854 333 883 395 ιι
901 331 988 414 (ιιι).

217 489 412 558 Nomothstst
438 492 618 556 comtituits.
661 491 718 554 His
741 501 841 554 antem
864 483 1051 551 Nomothetit
1071 481 1183 544 nullam
1206 477 1322 543 sandts
1443 492 1444 499 ¹

216 584 508 665 legem-suntenim
520 588 604 648 vobis
615 585 686 646 satis
697 586 848 658 multas—,
858 583 970 644 sedeas
982 597 1050 658 quae
1059 595 1113 638 vos
1123 574 1322 656 inpresentia
1444 608 1445 635 ι

216 677 488 757 ιωιιιιιιιιιιιοςιιο,
502 678 575 740 istas
593 688 691 740 autem
712 678 791 750 dieo,
808 686 909 736 anon
930 669 1230 741 dissimulanterdt'co,
1250 685 1321 748 qum
1445 724 1446 733 ,

195 850 199 861 Ι
217 780 288 832 sunt
300 769 337 830 de
349 770 483 832 thrandi
497 771 632 854 mnia,
647 781 678 833 et
691 771 729 832 de
748 771 795 832 his
810 769 861 850 qui
873 775 986 828 merent
1004 761 1174 836 nonnullas,
1194 779 1322 840 quarum
1446 840 1447 855 χ

216 861 276 923 itte
289 863 441 923 militarem
456 865 607 972 pecuniam
620 865 655 925 iis
668 865 720 944 qui
741 863 820 924 dorni
838 868 961 922 manent
976 857 1016 918 ad
1042 853 1210 938 speetneula
1222 849 1324 912 distri·

217 957 324 1028 buunt,
343 953 390 1014 has
402 973 471 1016 sero
491 975 542 1018 eos
557 957 607 1037 qui
625 956 757 1016 militiam
775 955 941 1014 detrectant
955 949 1110 1012 indemnes
1125 943 1324 1018 constituunt,

218 1047 323 1108 exinde
337 1046 424 1108 etiam
434 1064 486 1109 eos
502 1067 551 1128 qur
543 1047 658 1111 officio
672 1047 757 1128 iringi
771 1046 876 1108 volunt
900 1043 996 1104 minus
1016 1041 1161 1102 animatos
1180 1037 1322 1098 reddunt.

219 1137 382 1218 Postquam
399 1159 469 1200 vero
486 1140 550 1201 hac
568 1141 744 1202 sustuleritis
757 1150 788 1200 et
805 1139 883 1200 riam
901 1135 1013 1218 optima
1026 1131 1202 1196 consulendi
1225 1137 1323 1190 tutam
1449 1190 1450 1211 ,

218 1231 411 1312 promeritis,
422 1239 484 1292 tum
498 1233 547 1312 qui
561 1251 597 1293 ea
610 1233 729 1306 senhat,
742 1251 809 1313 quse
828 1249 932 1291 omnes
946 1249 964 1290 e
981 1225 1133 1307 republica
1150 1243 1217 1284 esse
1231 1221 1324 1296 scitis,

219 1321 384 1400 quaeritate.
412 1322 584 1406 Priusquam
593 1335 691 1386 autem
701 1323 923 1395 hoecaetasint,
932 1339 971 1382 ne
981 1315 1232 1398 circumspiciatis,
1240 1313 1324 1394 quis.

219 1431 300 1488 nam,
314 1414 385 1475 dum
404 1417 487 1477 robis
505 1417 615 1497 optime
635 1417 779 1491 consulat,
792 1435 812 1476 a
829 1415 912 1476 robis
932 1413 1052 1474 interire
1064 1409 1153 1472 velit:
1174 1409 1323 1469 neminem

219 1507 297 1568 onim
310 1507 469 1587 reperietis,
490 1510 662 1588 praesertim,
671 1528 742 1570 cum
754 1509 786 1571 id
799 1525 889 1568 unum
899 1525 936 1566 ex
944 1525 981 1566 eo
993 1503 1127 1565 ιιιιιιιιιιι
1135 1499 1185 1573 ιιι,
1192 1501 1325 1579 uterqui

219 1619 255 1660 ea
267 1599 373 1662 dixerit
385 1619 422 1662 ac
436 1601 594 1682 scripserit,
607 1603 806 1684 perinjurium
819 1599 987 1672 mulctetur,
995 1615 1053 1658 nec
1064 1598 1153 1657 rebus
1165 1595 1325 1674 quicquam

219 1693 399 1768 consulatur,
418 1693 472 1754 sed
485 1695 596 1774 optima
606 1695 752 1756 suadendi
765 1693 893 1755 studium
913 1693 1008 1771 magis
1020 1689 1111 1750 ιιιιιιιι
1127 1689 1157 1748 in
1171 1695 1326 1768 posterum

99 1849 103 1856 ,
220 1803 306 1865 quam
321 1803 400 1846 nune
414 1795 464 1846 est·
477 1784 617 1846 reddatur
629 1785 833 1867 periculosum.
873 1783 919 1844 Ao
931 1779 1140 1864 postulandum
1154 1787 1211 1852 est,
1231 1777 1326 1838 Athe-

221 1879 351 1952 nienses,
363 1889 398 1937 ut
411 1897 463 1938 eas
476 1877 558 1957 leges
578 1881 722 1960 abrogent
731 1877 780 1940 isti
793 1877 859 1959 ipsi,
870 1876 921 1956 qui
941 1873 1091 1936 tulerunt:
1116 1891 1177 1932 non
1190 1869 1270 1931 enim
1283 1888 1327 1930 re-

221 1989 312 2051 quum
325 1980 372 2031 est
382 1970 485 2050 grstia,
499 1989 565 2050 quae
579 1981 672 2031 totam
685 1971 833 2032 civitatem
841 1967 930 2042 lmsit,
944 1966 1010 2028 illos
1023 1964 1091 2040 itui,
1103 1965 1231 2046 quitum
1247 1961 1327 2023 tule-

221 2074 300 2136 runt,
320 2063 420 2124 odium
430 2073 598 2146 autem,per
607 2063 689 2146 quod
704 2083 772 2125 cum
783 2063 917 2124 omnibus
930 2059 1015 2122 nobis
1028 2057 1133 2120 mellus
1141 2067 1289 2140 ageretur,
1298 2057 1328 2118 ei

221 2157 273 2238 qui
285 2175 365 2218 nunc
377 2158 487 2238 optima
499 2159 634 2236 suaserit,
647 2177 714 2220 esse
726 2155 832 2218 fraudi.
873 2153 1049 2235 Priusquam
1070 2163 1168 2213 autern
1186 2151 1253 2212 hreo
1270 2150 1327 2211 'rite

223 2259 395 2332 comparata
411 2249 529 2326 fuerint,
549 2249 745 2332 nequaquam,
758 2245 965 2322 Athenienses,
979 2246 1059 2328 apud
1080 2265 1133 2306 vos
1156 2252 1329 2326 quenquam

222 2344 362 2423 reputetis
376 2362 441 2414 esse
451 2355 575 2420 tantum,
587 2355 622 2406 ut
634 2345 716 2406 hisce
730 2343 847 2424 legions
856 2361 876 2401 a
889 2360 922 2402 se
935 2341 1051 2400 violatis
1070 2357 1173 2420 poenas
1186 2356 1248 2398 non
1266 2335 1329 2412 det,

224 2445 276 2498 aut
288 2435 364 2496 adeo
376 2436 542 2512 ιειοιιιιιι,
555 2449 589 2498 ut
606 2439 636 2496 in
650 2437 771 2498 evidens
784 2435 894 2495 malum
907 2433 1096 2514 semetipsum
1109 2431 1257 2512 conjiciat.

264 2530 294 2587 6.
317 2528 396 2598 Quin
409 2548 463 2589 nec
471 2528 544 2590 illud
554 2530 635 2589 rubis
643 2528 838 2609 ignorandum
848 2536 903 2601 est,
915 2526 1120 2597 Athenienses,
1130 2525 1253 2585 decreta
1262 2522 1330 2583 nul-

224 2620 283 2687 lius
297 2638 364 2681 esse
377 2624 527 2696 momenti,
540 2621 598 2681 nisi
610 2630 640 2682 et
652 2620 709 2681 hoc
718 2619 886 2692 accesserit,
890 2628 927 2679 ut
939 2636 975 2681 ea
983 2634 1051 2699 qum
1067 2616 1265 2678 decernantur
1273 2635 1329 2678 vos

225 2690 363 2773 alacriter
371 2712 468 2773 facere
482 2712 633 2773 studeatis.
675 2712 704 2772 N
705 2732 754 2772 am
764 2712 789 2773 si
801 2731 866 2773 eam
879 2713 938 2773 rim
947 2712 1067 2772 decreta
1074 2728 1126 2791 per
1134 2728 1167 2771 se
1175 2710 1333 2783 haberent,

226 2814 262 2863 ut
275 2812 326 2865 aut
335 2822 388 2863 ros
402 2803 443 2864 ad
456 2804 583 2889 officium
597 2802 765 2865 laciendum
774 2804 959 2884 compellere,
974 2812 1027 2865 aut
1039 2822 1076 2864 ea
1095 2820 1162 2883 qcte
1176 2803 1333 2863 continent

226 2896 365 2977 perficere
384 2884 517 2975 possent,
537 2916 632 2977 neque
644 2918 696 2960 vos
708 2898 811 2977 multa
830 2896 1024 2968 deeemendo‚
1040 2914 1148 2978 pauca,
1161 2896 1209 2956 vel
1232 2896 1331 2976 potius

226 2988 300 3049 nihil
322 2986 503 3061 effecissetis,
526 3007 622 3069 neque
635 2988 791 3071 Philippus
805 3000 866 3050 tam
885 2990 937 3051 diu
950 3008 982 3050 se
996 2988 1154 3049 insolenter
1168 2988 1332 3069 gessisset:

226 3100 322 3162 neque
337 3082 415 3143 enim
426 3096 479 3164 per
489 3082 605 3145 decreta
615 3080 734 3164 quidem
749 3084 890 3162 stetisset,
902 3102 961 3165 quo
974 3084 1070 3145 minus
1084 3082 1154 3145 olim
1162 3102 1265 3165 penas
1279 3082 1335 3144 de·

227 3176 330 3262 disset.
371 3174 432 3235 Sed
445 3174 510 3236 hmo
531 3195 591 3236 non
613 3176 655 3237 ιιι
668 3198 701 3238 se
713 3178 843 3239 habent:
868 3195 956 3257 agere
970 3176 1059 3251 enim,
1072 3186 1107 3237 ut
1120 3176 1220 3237 ordine
1233 3186 1334 3255 posto·

227 3268 287 3347 rius
301 3284 390 3347 quam
409 3267 555 3339 orationes
568 3267 676 3330 habere
690 3280 742 3331 aut
753 3268 892 3349 suffragia
902 3269 987 3344 ferre,
997 3269 1039 3329 ita
1050 3270 1079 3329 ιι
1090 3268 1170 3351 prius
1181 3277 1227 3328 est
1237 3278 1335 3349 etpo-

227 3359 295 3440 tius.
337 3359 405 3426 Hoc
416 3360 503 3437 igitur
515 3360 733 3440 adjungendum
748 3372 805 3435 est,
826 3361 938 3442 reliqua
955 3372 1063 3441 presto
1083 3371 1172 3423 sunt:
1193 3378 1263 3420 nam
1281 3358 1335 3441 qui

227 3450 385 3537 prudenter
398 3452 495 3511 dicere
518 3452 632 3533 possint
650 3464 719 3513 sunt
737 3453 817 3535 apud
830 3474 896 3528 ros,
909 3453 1114 3528 Athenienses,
1134 3471 1249 3533 vosque
1267 3471 1334 3513 om-

228 3544 308 3635 nium
322 3542 481 3605 acutissimi
491 3546 561 3605 estis
573 3545 612 3605 ad
626 3564 661 3606 ea
674 3566 741 3627 quae
752 3545 891 3607 ducuntur
899 3544 1098 3626 percipienda
1112 3544 1184 3627 quin
1193 3554 1226 3605 et
1241 3546 1335 3607 eadent

228 3636 440 3719 prsequinunc
456 3638 597 3714 poteritis,
608 3636 852 3698 sirectelacietis
894 3634 984 3704 Quod
994 3654 1072 3698 enim
1080 3646 1197 3717 tempus
1208 3658 1335 3717 quamve

229 3728 425 3805 perationem,
447 3728 651 3801 Athenienses,
664 3728 814 3790 meliorem
835 3728 892 3787 hnc
911 3728 1060 3807 queritis?
1080 3739 1134 3792 aut
1154 3729 1275 3809 quando
1298 3748 1336 3791 ea

228 3838 296 3899 qute
314 3819 376 3879 lieri
389 3817 499 3878 debent
512 3818 617 3897 agetis,
631 3819 656 3879 si
676 3838 756 3881 nunc
778 3839 839 3880 nun
857 3820 969 3899 agetisi
1010 3820 1118 3882 Nonne
1132 3824 1231 3883 omnia
1249 3822 1335 3883 robis

228 3911 317 3976 homo
330 3910 396 3971 loca
409 3909 567 3990 praeripuit,
588 3920 618 3970 et
638 3910 663 3969 si
686 3910 744 3972 hec
757 3912 845 3971 etiam
872 3910 991 3990 regione
1008 3912 1147 3993 potietur,
1160 3934 1248 3991 smne
1271 3933 1338 3975 om-

229 4004 309 4069 nium
323 4002 489 4085 turpissima
499 4002 612 4082 passuri
623 4003 744 4075 sumunt
785 4002 894 4063 Nonne
907 4006 1023 4083 quibus,
1035 4006 1176 4069 sibellum
1186 4017 1337 4089 gererent,

228 4106 345 4165 strenue
359 4116 412 4157 uos
422 4094 614 4176 opitulaturos
623 4095 1236 4181 spospondimus,hinunebellopetunturt
1250 4098 1336 4163 Nom,

175 4252 179 4267 ,
230 4208 268 4248 ue
281 4187 373 4249 hostis
386 4188 453 4249 esti
473 4207 533 4248 non
546 4198 649 4248 nostra
661 4188 762 4253 teneti
782 4206 843 4250 non
854 4190 1017 4252 barbarus‘t
1037 4192 1108 4271 quid
1116 4211 1175 4252 non
1186 4190 1338 4273 deniquei

231 4278 301 4354 Sed,
324 4280 412 4339 deum
430 4278 636 4342 immortalem!
656 4281 681 4341 si
703 4278 770 4341 haec
788 4280 887 4341 omnia
906 4281 1106 4362 reliquerimus
1121 4293 1153 4344 et
1173 4284 1202 4345 ei
1215 4294 1333 4345 tantum

226 4390 287 4432 non
297 4370 337 4430 ad
346 4390 382 4431 ea
388 4372 530 4434 obtinenda
543 4392 663 4457 operam
676 4373 890 4448 notaverimus,
895 4384 959 4435 tum
966 4383 1102 4437 auctores
1110 4376 1215 4439 harum
1224 4394 1336 4453 rerum,

229 4464 279 4544 qui
289 4464 357 4537 sint,
371 4466 559 4547 queremusl
580 4468 685 4551 Neque
693 4465 770 4529 enim
780 4487 834 4529 nos
848 4466 877 4528 in
892 4485 982 4531 causa
991 4487 1058 4531 esse
1073 4468 1240 4545 fatebimur,
1260 4468 1335 4533 satis
