2934 5000
375 303 543 379 CONTRA
566 315 912 377 ARlS'l'OGI'l'ONEM
937 317 962 375 1.
1146 317 1205 376 46³
1290 343 1293 348 ¹

115 467 215 538 rastis,
227 444 306 546 quod
321 469 363 528 ab
371 469 429 528 isto
442 469 595 529 calumniis
607 465 836 548 exagitarentur,
849 477 880 528 et
892 467 1064 542 absolvistis,
1078 478 1109 528 et
1121 469 1206 555 qnin—¹

114 561 234 619 tenuisti
248 561 451 640 suffragiorum
466 572 579 640 partem
593 581 653 621 non
675 561 817 620 dedistis:
840 557 923 620 istius
939 553 1045 626 eutem'
1052 562 1205 632 acerbitas,

114 654 339 731 etsanguinaria
353 673 446 726 mens,
459 665 491 714 et
502 654 661 714 crudelitas
673 663 782 731 praesto
794 665 858 712 erat
866 662 897 712 et
910 653 1013 712 inscie
1026 656 1206 715 versabatur.

114 743 184 802 Non
205 745 346 822 puerulis,
359 765 419 805 non
436 746 578 805 matribus
592 765 715 814 reorum,
729 762 852 822 quarum
872 741 1018 822 pleresque
1038 765 1123 804 senes
1143 765 1206 805 mu·

112 833 198 906 lieres
207 848 301 906 erent,
311 837 462 895 adstantes
471 855 538 894 cum
548 835 731 907 videret,iste
744 833 924 894 movebatur.
940 833 1044 896 Tibine
1054 836 1207 912 ignoscen-

113 927 205 986 dum?
227 928 338 988 Unde?
359 930 421 987 Aut
442 947 461 986 a
479 927 561 1006 quo?
588 927 649 986 Aut
668 937 785 986 tuorum
805 925 926 984 liberum
947 927 1076 987 misereri
1096 927 1207 987 decetl

113 1018 238 1079 Minime
247 1039 316 1078 vero
327 1019 466 1098 gentium.
487 1017 531 1075 Tu
542 1016 778 1086 misericordiam,
789 1035 856 1096 quae
866 1035 937 1094 erga
946 1016 1001 1076 hos
1011 1017 1111 1078 haberi
1121 1020 1207 1093 solet,

111 1112 274 1190 prodidisti,
289 1111 460 1190 Aristogito‚
475 1111 534 1168 imo
546 1109 662 1188 penitus
676 1107 832 1167 sustulisti.
857 1108 903 1165 Ne
917 1107 1003 1185 igitur
1012 1109 1048 1166 ad
1061 1131 1122 1178 eos,
1132 1131 1206 1190 qnos

26 1249 33 1256 .
110 1211 145 1262 tu
159 1203 220 1281 ipse
235 1202 388 1262 ruderibus
402 1201 570 1280 implevisti,
583 1209 614 1259 et
625 1199 784 1258 muricibus
798 1197 1014 1268 circumdedisti
1027 1212 1139 1278 portus,
1154 1223 1206 1282 op·

112 1294 225 1372 pellito.
248 1293 354 1372 Neque
366 1294 443 1352 enim
451 1299 568 1368 justum
581 1301 637 1350 est.
661 1315 666 1322 ·

157 1389 205 1444 19.
226 1386 315 1459 Quod
330 1387 355 1446 si
366 1385 523 1444 maledicta
535 1383 672 1454 audietis,
688 1401 756 1460 qum
766 1382 805 1440 in
826 1383 891 1442 soro
904 1384 1097 1446 obambulans
1110 1387 1138 1446 in
1152 1408 1206 1450 vos
1231 1459 1234 1470 Ι

111 1478 229 1555 ingerit,
242 1478 336 1557 magis
351 1479 438 1536 etiam
452 1496 519 1536 curn
530 1475 662 1544 oderitis,
677 1485 708 1534 et
727 1474 840 1534 merito.
860 1475 923 1534 .Ait
944 1477 1020 1534 eninr
1035 1477 1144 1538 multos
1157 1481 1208 1542 de·

112 1570 184 1644 here
197 1569 310 1641 aerario,
323 1587 432 1646 eosque
446 1587 549 1627 omnes
563 1567 608 1629 sui
620 1585 688 1626 esse
707 1566 826 1626 similes.
861 1567 925 1646 Ego
939 1587 1007 1626 vero
1021 1571 1129 1630 multos
1142 1593 1208 1634 esse

111 1662 299 1722 calamitosos
309 1662 451 1730 homines,
465 1661 521 1720 etsi
532 1661 592 1719 duo
605 1660 749 1720 duntaxat
763 1669 842 1727 aunt,
857 1660 1118 1731 samon—omnino
1130 1667 1207 1726 enirn

83 1794 87 1803 ·
110 1753 210 1832 plures
230 1766 300 1814 snut
317 1771 405 1832 quam
423 1736 587 1832 oportebat,
604 1763 635 1811 et
647 1752 793 1824 neminem
807 1751 895 1810 alium
912 1753 1035 1813 decebat
1049 1757 1208 1818 obseratum
1284 1825 1287 1830 ,

113 1866 230 1918 esse-,
244 1866 304 1906 non
322 1858 433 1918 maren,
453 1847 495 1906 ita
508 1864 556 1903 me
577 1843 616 1903 dii
631 1846 707 1904 bene
721 1846 830 1915 ament',
849 1863 900 1904 cos
917 1845 1001 1906 istius
1016 1868 1081 1907 esse
1100 1849 1208 1912 similes

111 1939 380 2016 arbitror,-neque
401 1938 500 1996 multis
525 1946 574 1997 est
594 1939 718 2015 opus—,
739 1936 799 1994 imo
822 1937 997 1996 contrarium
1019 1941 1138 2001 omnino
1163 1953 1209 2002 est

111 2051 223 2091 amum.
254 2032 347 2108 quue
367 2029 410 2087 ita
428 2029 607 2106 intelligetis.
643 2028 747 2104 Neque
765 2047 820 2094 me,
845 2027 1050 2104 Athenienses,
1059 2033 1106 2092 ita
1128 2034 1208 2112 loqui

111 2123 275 2193 vobiscum,
296 2121 394 2200 utqui
408 2119 541 2179 debeatis
561 2119 673 2190 oemrio,
689 2119 842 2196 putabitis.
860 2113 966 2199 Neque
978 2123 1055 2182 enim
1068 2125 1110 2184 ite
1123 2139 1209 2187 est-b

111 2216 190 2274 absit
204 2215 399 2290 hoc-neque
413 2228 469 2289 ego
480 2211 523 2268 ita
534 2228 600 2268 esse
612 2208 757 2268 existimo.
785 2209 843 2268 Sed
859 2212 883 2268 si
896 2212 969 2271 sorte
984 2215 1049 2290 quis
1064 2227 1108 2274 est
1121 2218 1207 2278 alicui

109 2317 241 2367 vestrum
255 2308 316 2366 sive
329 2305 449 2374 amicus,
463 2304 524 2361 sive
537 2301 687 2360 familiaris
703 2301 778 2360 inter
796 2301 874 2372 illos,
889 2314 1001 2380 quanto
1015 2306 1077 2384 ejus
1090 2309 1206 2370 nomine

109 2399 199 2458 istum
212 2399 282 2457 odio
293 2397 433 2476 prosequi
445 2395 562 2465 debeat,
575 2393 659 2452 vobis
673 2393 836 2453 ostendam.
862 2393 991 2454 Primum
1005 2416 1040 2455 eo
1053 2399 1134 2476 quod
1153 2401 1207 2461 ho-
1306 2405 1308 2412 ’

110 2492 205 2551 mines
226 2510 328 2569 equos
349 2489 400 2568 qui
419 2487 567 2567 spondent
583 2506 637 2567 pro
650 2486 726 2558 aliis,
746 2485 795 2565 qni
815 2486 1002 2548 humanitatis
1010 2489 1112 2551 officia
1131 2514 1206 2571 prse-

109 2592 200 2656 stant,
208 2594 300 2662 'atque
312 2582 354 2640 ita
365 2582 511 2659 privatum
525 2598 567 2639 oes
580 2578 707 2637 alienum
720 2578 907 2651 contrahunt,
922 2580 1029 2659 quique
1043 2583 1073 2645 in
1088 2604 1205 2665 tempu.

110 2674 219 2735 blicam
232 2674 303 2733 nihil
322 2673 518 2751 deliquerunt,
535 2670 590 2731 sed
611 2669 729 2729 fortune
742 2668 844 2747 parum
866 2690 1006 2751 prospera
1018 2686 1087 2734 sunt
1101 2677 1157 2751 usi,
1176 2680 1207 2739 in

111 2767 235 2827 eundem
263 2786 365 2827 secum
387 2764 518 2825 ordinem
540 2765 632 2834 ducit,
657 2764 818 2841 eodemque
845 2764 975 2823 convicio
994 2766 1124 2842 involvit,
1145 2790 1206 2830 non

109 2869 191 2920 secte
203 2880 299 2938 neque
313 2860 530 2919 convenienter.
551 2857 656 2935 Neque
670 2848 836 2914 enimdden'r
852 2866 908 2925 est,
923 2857 1094 2937 Aristogito,
1109 2872 1205 2942 nequ'e

110 2952 456 3029 multisverbisestopus.
472 2948 519 3009 Tu
530 2950 599 3027 quia
607 2959 670 3021 tres
676 2949 767 3019 cives,
777 2946 896 3007 decreto
905 2946 1206 3021 lecto,indictacana

109 3044 207 3103 occidi
214 3043 340 3121 jussisti,
349 3043 563 3101 condemnatus
573 3060 606 3100 es
616 3040 788 3099 violatarum
797 3038 911 3117 legum:
925 3042 1004 3118 qnod
1015 3043 1123 3127 crimen
1137 3065 1205 3106 cum

110 3144 205 3195 morte
219 3132 358 3192 luendum
369 3132 483 3202 fuisset,
496 3132 532 3189 lis
542 3131 666 3209 pecunie
679 3131 731 3188 tibi
748 3140 793 3188 est
807 3131 959 3191 aestimate.
985 3132 1069 3192 Alius
1088 3136 1203 3214 aliquis,

109 3245 178 3287 eum
201 3245 254 3303 pro
276 3224 371 3284 amico
390 3221 767 3302 spospondenit,·damnum
790 3221 1023 3299 inexspectatum
1046 3225 1120 3284 ferre
1146 3246 1205 3287 non

108 3328 225 3398 potest:
246 3336 306 3375 non
319 3316 396 3375 idem
409 3325 465 3383 est,
477 3333 546 3374 non.

151 3411 201 3466 20.
224 3407 353 3476 Deinde,
368 3422 551 3465 communem
565 3400 785 3473 humanitatem,
799 3420 885 3479 quam
906 3420 958 3460 vos
973 3405 1204 3469 naturavhabetis

110 3502 160 3563 alii
174 3500 299 3571 melios,
313 3500 399 3559 istum
414 3495 515 3556 tollere
528 3507 558 3554 et
567 3494 699 3574 perdere,
712 3503 853 3572 quantum
867 3492 971 3572 inipso
985 3504 1041 3564 est,
1055 3496 1122 3557 hinc
1137 3518 1203 3579 per·

109 3595 251 3673 spicietis.
282 3593 355 3663 Vos,
369 3590 579 3657 Athenienses,
596 3578 701 3646 natura
714 3587 812 3655 insita,
835 3586 915 3663 quod
934 3586 1004 3659 disi,
1017 3587 1065 3647 alii
1085 3589 1113 3648 in
1130 3593 1203 3653 alins

108 3684 290 3745 humanitate
302 3693 429 3751 utentes,
444 3678 691 3759 quemadmodum
703 3676 823 3754 cognati
836 3677 866 3734 in
879 3676 980 3735 iisdem
994 3678 1107 3739 aedihns
1121 3680 1203 3741 hebi-

109 3786 184 3849 tant,
199 3776 243 3834 sic
257 3776 287 3833 in
301 3776 373 3833 urbe
393 3772 511 3852 publice
523 3771 671 3830 habitatis.
695 3768 853 3837 Quomodo
866 3768 955 3847 igitur
967 3770 1029 3828 init
1050 3772 1109 3831 Ubi
1123 3784 1204 3851 peter

108 3878 167 3945 est,
189 3876 220 3927 et
232 3866 283 3925 filii
296 3866 400 3937 adulti,
420 3864 552 3924 temesis
564 3873 596 3922 et
607 3861 711 3921 horum
724 3860 817 3932 liberi,
831 3860 870 3919 ibi
889 3880 1009 3920 necesse
1030 3873 1074 3921 est
1095 3864 1202 3923 multas

109 3972 141 4021 et
150 3960 232 4019 nulla
243 3980 276 4021 re
287 3958 394 4018 similes
407 3956 547 4015 exsistere
556 3954 731 4013 uoluntates.
753 3952 856 4029 Neque
866 3954 943 4010 enim
957 3953 1060 4011 eadem
1074 3964 1121 4012 est
1130 3956 1203 4013 ado·
1285 4032 1289 4037 Δ

107 4052 257 4113 lescentim
276 4050 323 4110 vel
337 4050 439 4122 oratio,
452 4046 499 4107 vel
513 4048 599 4117 actio,
613 4064 681 4123 quae
701 4045 871 4104 senectutis.
895 4043 953 4100 Sed
976 4052 1072 4102 tamen
1086 4056 1117 4103 et
1130 4046 1201 4105 edo·

108 4148 251 4205 lescentes
271 4142 410 4221 quicquid
423 4151 526 4218 agunt,
540 4139 564 4197 si
585 4137 725 4197 moderati
741 4145 820 4207 sunt,
833 4134 863 4193 id
883 4135 924 4193 ita
942 4133 1061 4204 faciunt,
1077 4138 1201 4197 maxime

106 4248 143 4296 ut
160 4252 280 4314 prqrsns
293 4232 370 4291 clam
390 4232 498 4291 habere
517 4230 667 4306 studeant,
681 4229 727 4288 sin
742 4228 847 4297 minus,
861 4244 920 4303 prm
934 4246 966 4293 ee
985 4225 1082 4286 ierunt
1102 4240 1218 4289 tamen.
1327 4278 1332 4291 ,

4 4352 8 4363 ·
108 4326 226 4389 celandi
249 4324 399 4386 studium:
419 4333 449 4382 et
467 4334 540 4382 netu
560 4322 685 4399 majores
705 4319 844 4386 vicissim,
869 4317 893 4375 si
913 4317 987 4375 forte
1005 4318 1130 4379 viderint
1149 4332 1221 4381 aut·

107 4426 266 4499 sumptum,
286 4424 337 4475 aut
356 4416 548 4494 potationem,
567 4424 621 4471 aut
640 4408 848 4470 oblectationes
868 4408 1081 4484 immoderatas,
1103 4434 1138 4473 ca
1160 4416 1201 4476 ita
