2934 5000
479 311 645 374 LlTERAE
665 311 878 375 effluere
978 305 986 320 '
1156 309 1214 371 115

115 464 233 526 misisse
250 461 399 526 fatemini:
421 467 467 526 sin
481 465 563 526 robis
577 459 744 527 nolentibus
755 467 785 526 vi
797 467 958 539 obtinebat,
971 484 1039 545 qurs
1051 459 1170 526 tandem
1184 465 1213 524 ira

114 577 169 618 vos
183 557 286 635 injuria
299 557 364 630 suit,
375 577 440 620 eam
455 577 532 620 aare
544 561 693 640 occupari,
707 569 738 619 et
751 560 849 621 locum
866 568 963 620 suurn
974 557 1062 620 reddi
1073 559 1217 637 navigan·

115 651 216 711 tiburi
256 654 430 732 Quanquam
446 661 544 713 autern
554 653 584 712 in
596 661 711 714 tantum
725 673 782 732 ego
795 653 878 713 vobis
897 651 1100 732 providissem,
1118 662 1150 710 et
1169 651 1214 709 in·
1303 645 1309 656 “

23 781 27 786 -
80 729 84 738 ’
115 743 209 804 sulam
221 744 484 819 robisdonassem,
495 735 625 806 oratores
640 755 738 805 tamen
755 746 845 806 vestri
858 746 993 824 accipere
1010 743 1216 823 prohibebant,

113 836 311 915 recipiendam
321 855 387 896 esse
398 835 609 896 consulebant:
629 847 673 908 ut,
685 837 709 896 si
722 837 802 916 quod
812 837 1009 918 imperabatur
1017 835 1153 906 iacerem,
1168 854 1216 894 me

6 975 8 978 .
114 926 243 986 alienam
253 928 384 988 obtinere
394 927 515 995 laterem
538 927 583 987 sin
597 927 694 987 locum
708 928 791 987 illum
806 930 970 999 retinerem,
980 927 1091 1008 populo
1111 944 1215 1006 suspe-

115 1033 183 1078 ctus
202 1021 311 1080 fierem.
353 1009 468 1087 Quibus
484 1039 541 1099 ego
555 1021 691 1099 cognitis,
712 1019 790 1080 ultro
811 1019 991 1089 denuntiavi,
1014 1037 1062 1078 rue
1075 1020 1113 1079 de
1125 1020 1171 1078 lris
1184 1019 1216 1078 in
1268 1026 1272 1050 ⁴

110 1112 224 1191 judicio
237 1113 389 1175 vobiscum
403 1113 643 1192 disceptaturum,
658 1123 700 1183 ut,
717 1112 741 1170 sl
754 1114 825 1172 milri
844 1112 1014 1193 adjudicata
1026 1122 1114 1182 esset,
1131 1111 1215 1172 vobis

115 1221 192 1265 ame
204 1204 339 1275 daretur:
362 1207 408 1266 sin
418 1205 600 1286 judlcaretur
613 1215 711 1264 vestra
731 1223 809 1278 esse,
832 1205 941 1285 populo
964 1224 1029 1264 eam
1050 1203 1214 1265 redderem.

117 1295 194 1356 Haec
205 1297 273 1356 milri
287 1317 366 1377 saepe
374 1298 535 1376 postulanti
548 1316 601 1357 vos
609 1307 738 1356 ruentem
750 1317 810 1357 non
823 1297 1007 1368 adhibuistis,
1015 1296 1216 1375 Pepsrrlretlrii

116 1397 215 1448 autern
230 1388 356 1448 insulam
367 1399 556 1468 occuparunt.
598 1387 678 1454 Quid
692 1387 781 1466 igitur
793 1389 864 1450 rnrbi
876 1388 1044 1448 laciendum
1057 1387 1135 1446 fuist
1154 1407 1216 1450 non

115 1479 278 1557 infligenda
291 1499 380 1560 poena
392 1479 576 1559 foedifragis?
596 1497 655 1540 uon
677 1479 851 1554 ulciscendi,
874 1481 923 1560 qui
945 1490 1005 1539 tam
1030 1477 1154 1557 superbe
1170 1479 1215 1536 irr-

111 1569 291 1650 sultebantl
332 1571 410 1632 Nam
431 1574 455 1632 si
477 1571 749 1653 Peparrhethiorum
771 1573 828 1633 luit
848 1571 954 1641 insula,
972 1590 1031 1649 quo
1040 1571 1107 1650 jure
1123 1572 1216 1648 ipsam
1303 1608 1307 1618 ι

115 1674 254 1742 repetunt
267 1665 486 1726 Atheniensesi
506 1667 551 1727 sin
564 1675 671 1739 vestra,
688 1659 742 1727 cu'r
752 1684 813 1730 nou
824 1665 867 1726 eis
880 1664 1046 1754 irascimini,
1063 1663 1113 1746 qui
1126 1681 1215 1723 oceu-

116 1757 213 1837 parint
227 1757 373 1819 alienam?

157 1854 187 1911 6.
209 1851 253 1914 Εο
266 1873 353 1934 porro
365 1873 530 1940 progressu
543 1859 613 1923 sunt
625 1871 733 1923 nostra
742 1855 908 1936 inimicitie,
923 1865 957 1916 ut
967 1875 1035 1915 cnm
1046 1851 1151 1914 vellens
1160 1871 1214 1912 na·
1320 1879 1325 1884 ·

116 1943 206 2002 resin
220 1945 444 2027 Hellespontum
457 1953 664 2028 transmittere,
677 1963 797 2014 coactus
812 1947 867 2010 sim
881 1968 932 2010 eas
946 1947 1148 2009 circumducto
1162 1963 1216 2024 per

117 2031 335 2104 Chedsonesum
353 2043 480 2102 exercitu
500 2045 657 2118 deducere,
674 2063 744 2106 cum
756 2042 844 2103 vestri
860 2041 955 2101 coloni
968 2061 1005 2100 ex
1017 2041 1137 2099 decreto
1154 2037 1214 2096 Poe
1313 2056 1317 2071 ·

80 2177 83 2182 .
117 2127 237 2206 lycratis
252 2131 364 2191 belluna
382 2133 535 2193 nobiscum
556 2146 700 2215 gererent,
714 2144 810 2194 etrus
825 2133 899 2192 talia
915 2130 1061 2208 suffragiis
1080 2147 1215 2207 compro-

116 2221 238 2302 nme-tis,
252 2223 373 2304 duxque
386 2237 483 2286 vester
496 2227 653 2308 Byzantios
669 2235 841 2294 accerseret,
863 2235 894 2284 et
907 2223 985 2302 apud
998 2241 1100 2280 omnes
1120 2221 1215 2281 divul-

116 2323 211 2391 garet,
221 2314 275 2375 arbi
288 2335 307 2377 a
319 2316 401 2376 vobis
416 2319 587 2378 mandatum
600 2337 676 2390 esse,
692 2329 734 2388 ut,
749 2316 902 2376 rideretur
922 2313 1050 2384 occasio,
1063 2310 1174 2372 bellurn
1185 2313 1215 2371 in

115 2423 170 2464 nos
189 2405 316 2468 inferret.
359 2409 412 2468 His
437 2411 532 2471 modis
554 2432 621 2473 curn
643 2419 792 2480 tractares,
809 2418 907 2467 tamen
927 2415 958 2464 et
977 2405 1040 2463 urbi
1053 2413 1167 2475 vesnoe,
1185 2416 1216 2463 et

115 2499 287 2573 triremibus,
302 2513 333 2562 et
352 2522 422 2581 agro
440 2504 567 2581 peperci,
591 2502 724 2584 quamvis
745 2501 891 2581 plerisque
909 2497 997 2578 potiri
1016 2516 1144 2577 possem,
1167 2497 1215 2556 vel

115 2592 372 2670 potiusomnibus:
394 2604 425 2654 ct
437 2614 491 2655 vos
510 2597 548 2655 ad
562 2586 623 2666 eas,
639 2616 705 2675 quae
720 2596 795 2654 inter
812 2612 865 2653 nos
876 2602 986 2663 essent,
998 2590 1214 2651 controversias

116 2684 329 2764 disceptatione
349 2684 527 2747 dirimendas
540 2700 682 2768 perpetuo
700 2686 865 2767 provocari.
909 2683 998 2763 Atqui
1020 2682 1214 2749 considerate.

113 2784 213 2837 utrum
233 2776 383 2839 honestius
405 2768 453 2852 sit,
467 2781 554 2841 ermis
572 2780 654 2841 litern
672 2780 757 2851 finiri,
775 2798 814 2837 an
827 2778 940 2848 verbis;
960 2786 1057 2835 utrum
1073 2776 1214 2853 nosipsos

115 2869 239 2930 arbitros
252 2870 313 2931 fieri
323 2873 425 2943 decem,
436 2890 474 2932 an
484 2872 557 2933 alios
568 2871 807 2954 adjudicandum
817 2870 943 2932 excitare
952 2890 965 2929 ι.
982 2876 1116 2951 reputate
1127 2867 1215 2926 etiam

115 2984 206 3043 quarn
220 2966 378 3026 absurdum
392 2968 440 3038 sit,
458 2966 593 3027 Thasios·
605 2977 637 3027 et
653 2968 817 3027 Maronitas
830 2965 912 3025 litem
928 2964 966 3023 de
981 2963 1098 3042 Stryme
1117 2960 1213 3021 disce·
1232 2948 1236 2965 ’

114 3058 248 3136 ptatione
272 3056 355 3116 flnire
365 3059 432 3137 cogi
452 3060 488 3118 ab
513 3060 756 3133 Atheniensibus,
775 3059 840 3138 ipso
859 3068 973 3137 sautem
990 3074 1036 3126 ea,
1056 3053 1214 3131 dequibus

116 3150 282 3227 ambigunt,
294 3168 411 3209 mecum
435 3150 474 3209 ad
487 3152 615 3211 eundem
635 3152 757 3211 modum
773 3169 833 3210 non
854 3148 1032 3227 transigere:
1053 3145 1214 3223 praesertim

113 3258 186 3299 curu
200 3239 308 3311 sciatis,
321 3242 374 3299 v'os
399 3240 424 3299 si
443 3256 534 3302 causa
552 3242 715 3303 cecideritis
734 3242 805 3303 nihil
826 3241 998 3306 amissuros3
1019 3236 1064 3296 sin
1077 3235 1213 3309 viceritis,
1252 3244 1255 3259 ¹

111 3330 258 3413 potituros
271 3328 318 3389 his
332 3350 397 3411 quae
411 3350 489 3391 nunc
503 3330 533 3391 in
547 3342 647 3393 nostra
657 3354 745 3394 manu
760 3343 838 3393 sunt.

156 3424 174 3479 7
179 3464 186 3481 .
209 3418 268 3481 Sed
280 3420 353 3482 illud
368 3422 497 3482 omnium
512 3423 723 3502 iniquissimum
736 3424 807 3483 milri
820 3422 945 3495 videtur,
958 3420 1037 3500 quod
1051 3440 1117 3480 cnm
1130 3421 1213 3501 lega-

114 3525 161 3575 tus
176 3514 307 3575 exomni
321 3516 464 3585 sociorum
486 3525 635 3583 conventu
652 3517 804 3589 misissem,
819 3524 851 3575 ut
862 3522 952 3575 testes
966 3524 1072 3586 essent,
1087 3534 1213 3593 cumque
1302 3537 1307 3550 ‘

91 3657 100 3663 .
115 3606 222 3667 vellem
239 3606 278 3667 de
293 3606 406 3669 Graecis
421 3628 456 3669 ca
469 3608 620 3669 vobiscum
633 3606 743 3688 pacisci
757 3628 823 3688 ques
832 3608 915 3688 justa
932 3615 1042 3679 essent,
1061 3628 1097 3667 ne
1111 3608 1213 3668 audire

114 3698 233 3777 quidem
254 3699 416 3779 legatorum
429 3699 467 3759 de
485 3698 531 3759 his
551 3700 713 3767 orationem
726 3700 869 3771 voluistis,
890 3719 958 3760 cunr
976 3700 1106 3760 licuisset
1119 3700 1214 3769 vobis,

114 3790 162 3850 vel
175 3792 310 3873 periculis
330 3790 453 3851 liberare
476 3810 528 3851 eos
553 3794 604 3873 qui
621 3793 677 3853 sibi
697 3792 808 3871 aliquid
825 3792 929 3853 infensi
946 3809 966 3851 a
982 3792 1067 3851 nobis
1081 3790 1212 3869 suspica-

115 3882 231 3957 buntur,
244 3884 291 3945 rel
305 3884 402 3964 palam
415 3885 588 3945 convincere
609 3904 657 3945 rne
671 3886 800 3946 omnium
812 3884 963 3944 hominum
982 3902 1047 3943 esse
1060 3879 1213 3960 improbis·
1229 3890 1232 3901 ·

116 3975 229 4038 simum.
265 3977 310 4041 Ac
333 3976 442 4056 populo
464 3976 584 4059 quidem
603 3976 654 4040 illa
671 3988 756 4041 erant
773 3977 872 4046 utiliu;
894 3976 948 4036 sed
967 3996 984 4035 e
1004 3995 1036 4035 re
1055 3983 1214 4045 oratorum,

115 4086 175 4128 non
187 4079 288 4128 erant:
309 4070 412 4131 dicunt
424 4070 500 4149 enirn
520 4069 538 4129 ii
553 4070 604 4148 qui
616 4079 742 4131 vesuam
755 4069 1094 4148 rempublicamxnorunt,
1105 4082 1213 4142 pacem

114 4158 157 4220 cis
169 4158 280 4219 bellum
290 4177 367 4235 esse,
380 4168 411 4221 et
422 4160 531 4221 bellurn
545 4176 666 4241 pacem
686 4181 754 4222 cum
769 4180 788 4220 a
802 4160 926 4220 ducibus
934 4157 980 4216 vel
993 4154 1212 4234 patrocinando,

72 4254 78 4267 '
113 4251 161 4311 vel
174 4246 557 4332 calumniandm'pecuniaru
576 4262 788 4332 extorqueant:
809 4263 839 4311 et
858 4263 920 4331 tum
940 4246 1127 4307 nobilissimis
1141 4248 1211 4307 civi·

16 4347 19 4359 ⁸
113 4342 250 4415 bustum
258 4341 1211 4423 exterorumceleberrimisconviciaudoproconcione,idcaptent,

113 4445 147 4497 ut
160 4436 316 4525 populares
330 4456 397 4503 ease
418 4438 578 4502 rideantur.
624 4437 721 4503 Facile
746 4435 816 4498 milri
836 4434 954 4523 quidem
968 4444 1056 4509 esset,
1070 4434 1095 4496 si
1105 4435 1209 4521 paulu·
