2934 5000
269 315 330 377 sse
530 298 699 386 conum
717 313 1071 380 veruerctur—rourum
1093 317 1117 376 r.
1227 267 1235 274 ’

269 465 348 546 odio,
367 495 423 538 nac
445 478 619 559 Lycurgum,
644 498 699 540 nec
719 477 803 548 alios,
827 478 991 558 dequibus
1007 478 1132 558 plurime
1156 477 1259 536 stetim
1282 475 1376 536 dicet.

269 569 358 648 Atqui
367 580 484 650 propter
496 583 650 650 utrumque
662 571 770 651 dignus
781 581 825 632 est
839 571 946 630 exitio:
962 581 1024 632 tum
1038 571 1119 650 quod
1128 569 1291 630 ostendere
1306 589 1375 628 cum

269 672 379 740 posset,
398 663 508 722 luctam
519 683 585 722 esse
598 665 680 723 robis
694 663 822 742 aliquam
838 682 889 744 per
903 681 957 724 nos
976 663 1119 744 injuriam,
1139 661 1260 722 omissis
1274 663 1374 730 nobis,

268 754 399 837 Mmines
411 773 506 814 rerum
520 755 668 834 imperitos
688 757 805 827 invasit,
825 765 888 815 tum
911 757 936 814 si
951 755 1022 815 nihil
1035 763 1141 834 potest,
1155 755 1237 833 quod
1250 755 1321 814 haec
1335 754 1373 814 ad

266 845 428 907 eludendos
435 857 467 905 et
476 847 662 926 decipiendos
668 867 720 907 vos
729 849 972 908 comminiscetur.
986 841 1072 915 Quod
1083 849 1108 906 si
1118 848 1192 906 sorte
1201 846 1272 924 quis
1281 847 1373 908 homo

268 951 314 996 est
325 937 357 995 in
370 940 440 997 vrbe
454 938 505 998 tali
519 939 647 1018 iugenio,
663 940 715 1019 qui
726 941 805 1002 omni
819 940 1047 1018 modorequirat
1058 955 1125 998 eum
1135 939 1185 1016 qui
1199 951 1327 998 accuset
1339 949 1372 998 et

234 1082 237 1086 .
268 1029 458 1089 calumnieter
477 1030 562 1102 alios,
579 1049 639 1108 quo
649 1031 726 1110 jure,
740 1049 855 1109 qusque
869 1030 972 1110 injuris
983 1031 1053 1090 nihil
1066 1031 1150 1110 pensi
1163 1030 1292 1108 habeus,
1317 1051 1370 1090 ne·

185 1118 190 1124 ’
266 1119 374 1178 minem
385 1120 484 1179 minus
494 1120 594 1194 utilem
607 1120 664 1180 isto
676 1117 811 1180 inveniet.
831 1121 914 1181 Curl
933 1122 1011 1188 Quia
1019 1131 1218 1181 accusatorem
1230 1121 1368 1190 aliorum,

267 1221 298 1269 et
316 1213 447 1271 omnium
468 1211 687 1290 exagitatorem,
708 1213 806 1292 ipsum
820 1215 901 1274 omni
913 1213 1300 1300 crimineracarsoportet:
1320 1231 1368 1270 ne

159 1305 176 1344 -'
266 1314 385 1382 propter
397 1305 461 1383 ejus
474 1303 689 1383 improbitatem
705 1305 749 1364 illi
772 1307 934 1366 elabantur.
957 1305 1052 1363 Nemo
1065 1313 1165 1382 autem
1179 1305 1271 1384 hujus
1285 1306 1366 1370 urbis

265 1395 371 1467 incola,
385 1415 441 1456 uec
453 1397 594 1475 pluribus,
607 1398 838 1476 necmsjoribue,
851 1416 939 1475 quam
950 1397 1158 1475 iste-peccam
1167 1407 1215 1454 est
1226 1397 1365 1472 refertas.

266 1487 441 1566 Quidigitur
453 1489 509 1567 iste
522 1488 589 1549 esti
608 1489 711 1561 Canis,
724 1489 839 1549 medius
853 1489 999 1560 fidius,··ut
1010 1487 1130 1566 quidem
1143 1488 1237 1560 aiunt,
1251 1488 1365 1568 populi.

267 1580 462 1660 Cujusmodil
488 1570 561 1649 'Qui
574 1601 636 1655 eos,
657 1601 730 1662 quos
741 1592 776 1641 ut
787 1581 870 1661 lupos
884 1581 1115 1653 insimulat-nou
1128 1581 1275 1652 mordeat,
1290 1601 1365 1659 quse
1429 1649 1430 1666 χ

266 1691 334 1732 rcro
348 1693 382 1734 se
397 1675 473 1733 tueri
486 1675 637 1752 profitetur
649 1693 730 1745 crea,
750 1674 813 1752 ipse
830 1673 961 1732 devoret.
995 1674 1091 1738 Quem
1103 1673 1182 1732 ¹euim
1195 1673 1253 1732 iste
1265 1683 1364 1734 orato-
1429 1725 1430 1740 ,

265 1785 328 1823 rum
342 1775 424 1825 touta
437 1765 523 1824 clude
538 1765 645 1836 effecit,
658 1775 768 1843 quante
784 1765 914 1826 homines
927 1763 1071 1844 plebeios,
1091 1783 1165 1842 quos
1185 1765 1300 1842 passim
1312 1785 1363 1824 cx-

264 1856 375 1932 agitatl
400 1857 505 1925 Quem,
518 1867 707 1934 posteaquam
722 1875 800 1914 nunc
814 1857 853 1920 ab
866 1857 980 1934 integro
991 1856 1192 1926 concionatur,
1210 1865 1363 1915 oratorem
1429 1911 1430 1914 ,

264 1946 432 2006 accusarit?
460 1947 623 2016 Neminem,
638 1948 692 2006 sed
705 1947 838 2006 homines
849 1947 1110 2026 plebeioemultos,
1123 1947 1153 2006 in
1166 1967 1243 2026 quos
1259 1948 1362 2009 decre-

170 2090 173 2099 ,
262 2048 404 2096 tunicum
416 2039 566 2110 scriberet,
586 2039 800 2099 condemnatus
813 2049 868 2099 est.
909 2039 1124 2117 Atqui-dicunt,
1147 2059 1238 2099 canes
1252 2043 1305 2118 qui
1326 2041 1362 2102 de

262 2129 364 2187 oribus
378 2139 509 2208 gustent,
530 2149 597 2189 esse
609 2130 802 2209 jugulandos.
845 2131 947 2208 ltaque
960 2131 1053 2209 primo
1065 2149 1183 2209 quoque
1196 2141 1361 2210 tempores
1429 2169 1430 2202 ξ

261 2221 359 2285 medio
372 2221 587 2281 tollendusest
630 2220 721 2280 Nulla
739 2222 817 2280 enim
839 2222 914 2300 ejus,
933 2221 1141 2294 Athenienses,
1162 2222 1198 2280 iis
1219 2223 1251 2280 in
1272 2227 1361 2283 rebus
1429 2247 1430 2282 l

260 2333 333 2391 quaa
343 2315 447 2393 jactat,
460 2325 513 2395 'est
527 2313 647 2381 utilitum,
664 2315 715 2372 sed
731 2313 787 2374 iste
803 2333 863 2373 rem
875 2315 1027 2392 perspexit
1039 2313 1191 2385 nefariam,
1211 2323 1243 2373 et
1264 2317 1362 2394 impu·
1429 2313 1430 2318 ’

258 2407 384 2467 dentem.
426 2409 585 2468 Nemeum
609 2409 639 2465 in
663 2407 852 2468 concionibus
866 2407 999 2467 convicia
1021 2406 1118 2479 dicat,
1136 2417 1167 2466 et
1190 2409 1362 2486 petulanter

258 2518 360 2559 omnes
373 2499 508 2572 lacessat,
523 2498 628 2577 quibos
643 2498 672 2556 in
688 2501 774 2558 rebus
790 2517 826 2557 eo
839 2493 950 2558 ratione
963 2512 1017 2557 vos
1031 2499 1181 2560 universes
1200 2497 1360 2579 deceperit,

258 2610 483 2662 earumrerum,
505 2610 572 2649 cum
591 2590 755 2659 descendit,
778 2588 944 2665 singulatim
965 2592 1002 2649 uh
1017 2608 1203 2668 unoquoque
1226 2602 1359 2651 vestrum

254 2701 359 2759 prenae
378 2684 476 2753 sumit,
498 2681 715 2749 calumniando,
739 2670 923 2759 postulando,
947 2683 1358 2761 nummos··e1igendo,non,
1429 2696 1430 2747 i

258 2772 297 2831 ita
309 2794 355 2833 me
369 2776 408 2832 dii
423 2784 528 2844 ament,
543 2774 581 2831 ab
595 2772 756 2831 oratoribus
771 2772 814 2849 (hi
827 2772 904 2831 enim
918 2792 984 2831 cum
999 2793 1035 2833 eo
1047 2774 1360 2853 conflictari-possunt)

256 2864 310 2921 sed
322 2884 342 2922 a
355 2866 478 2941 plebeiis
491 2874 522 2921 et
535 2882 629 2922 rerum
643 2863 796 2940 imperitis:
819 2864 851 2923 id·
867 2866 945 2942 quod
959 2866 1013 2924 -icti
1033 2867 1084 2943 qui
1104 2877 1182 2938 sunt,
1202 2881 1358 2929 noverunt.

256 2955 297 3011 At
311 2954 427 3012 hercule
442 2955 504 3012 hacc
516 2954 559 3011 ita
571 2972 637 3013 esse
648 2954 818 3025 fatebimini,
832 2958 885 3015 sed
898 2976 965 3015 cum
979 2958 1050 3016 utile
1064 2960 1112 3029 sit,
1124 2959 1275 3035 publicum
1287 2979 1359 3019 esee

255 3055 464 3114 accusatorem,
479 3046 622 3123 neglectis
631 3045 676 3103 his
685 3048 824 3107 omnibus
834 3048 1067 3109 conservandum
1080 3068 1145 3109 esse
1153 3050 1261 3109 dicetis
1270 3051 1284 3108 l
1294 3052 1356 3111 Sed

254 3154 322 3215 quas
335 3137 514 3215 reipsa-estis
531 3138 655 3215 experti,
676 3138 886 3209 Athenienses,
905 3160 941 3199 es
954 3158 1152 3217 nunquemsex
1169 3141 1265 3201 serbis
1277 3144 1357 3203 msti-

156 3224 170 3247 ¹
253 3235 342 3290 mate.
383 3229 444 3289 Iste
465 3232 497 3288 in
508 3228 656 3309 publicum
671 3230 849 3308 nouprodiit
860 3232 1068 3309 quinquennio,
1089 3250 1149 3309 quo
1161 3234 1357 3297 concionibus
1386 3268 1389 3271 ·

253 3323 280 3380 ei
308 3323 365 3381 luit
383 3320 579 3381 interdictum.
629 3321 702 3388 Quis
725 3321 813 3397 igitur
837 3342 902 3383 eum
928 3322 978 3381 illo
992 3334 1130 3401 tempore
1154 3325 1356 3387 desiderarit!

254 3415 350 3481 Quam
370 3414 537 3493 reipublice
550 3422 660 3492 partem
678 3412 842 3490 neglectam
857 3414 931 3473 uidit
948 3424 1066 3491 propter
1086 3414 1149 3493 ejus
1164 3418 1356 3477 absentiam?

254 3506 334 3568 Quid
345 3524 425 3576 raro,
435 3526 471 3565 ex
484 3526 543 3583 quo
556 3524 633 3564 nunc
647 3504 847 3577 concionatur,
858 3504 969 3563 factum
982 3516 1031 3565 est
1044 3506 1168 3565 meliusl
1189 3506 1267 3567 Mihi
1286 3512 1356 3587 qui-

252 3595 319 3652 dem
332 3606 435 3654 contra
449 3596 571 3655 videtur.
613 3596 682 3664 Quo
696 3606 825 3672 tempore
836 3614 895 3655 nou
906 3596 1021 3674 prodiit,
1036 3598 1257 3659 refocillateme
1266 3603 1354 3661 malis

251 3705 316 3745 esse
326 3686 547 3764 rempublicam,
563 3708 629 3765 quoe
644 3688 779 3747 omnibus
794 3689 851 3747 isto
862 3688 1021 3747 inferebat<
1042 3708 1079 3748 ex
1093 3708 1152 3767 quo
1165 3708 1265 3753 mrsus
1279 3711 1355 3751 con-

249 3778 542 3849 cionatumobsirleri.
563 3780 710 3839 motiones
732 3778 885 3841 seditiosas
909 3790 939 3838 et
962 3782 1145 3842 turbulentos
1167 3782 1198 3845 iu
1212 3784 1354 3847 omuibus

250 3870 437 3930 concionibus
453 3884 567 3948 semper
579 3869 705 3929 habente
718 3870 785 3929 isto.

292 3965 339 4021 10.
361 3963 449 4021 Nunc
462 3961 648 4020 audaciorem
662 3962 809 4040 ingrediar
823 3963 994 4037 orationem,
1008 3972 1118 4022 etcum
1133 3963 1170 4023 iis
1184 3982 1284 4042 agam,
1296 3971 1353 4045 qui

249 4072 316 4111 eum
329 4062 450 4131 propter
464 4053 519 4111 ista
533 4051 666 4130 diligunt.
677 4052 734 4120 Qui
747 4054 848 4129 quales
858 4054 981 4132 putandi
991 4054 1059 4126 sint,
1071 4052 1128 4133 ipsi
1139 4054 1351 4119 considerate:

248 4163 306 4222 ego
318 4164 388 4204 vero
401 4164 459 4203 non
472 4144 569 4203 dicam
584 4143 676 4213 aliud,
696 4143 752 4203 nisi
766 4162 817 4203 eos
830 4164 889 4204 non
905 4164 1018 4223 sapere,
1033 4147 1128 4223 quise
1142 4164 1213 4205 cum·
1224 4168 1262 4208 eo
1274 4168 1351 4211 oon·

243 4236 377 4314 jungant.
394 4238 442 4295 Ac
453 4246 578 4295 vestrrun
588 4237 640 4314 qui
648 4238 678 4295 in
686 4234 744 4295 hoc
755 4256 896 4319 cupressu
906 4256 984 4297 nunc
995 4238 1348 4317 adesus,judtees,ulem

248 4327 368 4390 arbitror
394 4348 458 4387 csse
484 4328 788 4389 neminem-etenim
816 4339 846 4387 et
867 4330 981 4407 justum
1005 4339 1060 4401 est,
1082 4330 1293 4403 Athenienses,-
1317 4344 1351 4393 et

246 4414 408 4488 honestum,
423 4428 454 4475 et
468 4420 548 4488 utile,
563 4421 672 4478 mesic
693 4429 723 4477 et
735 4419 815 4497 loqui
829 4431 859 4481 et
872 4421 980 4485 sentire
994 4421 1032 4483 de
1045 4422 1177 4494 robu-,
1192 4442 1209 4484 e
1223 4422 1349 4505 reliquis
