2934 5000
258 321 318 381 ιιι
359 314 362 321 ·
507 315 678 381 contus
699 307 1048 377 ιιιιιιοιιιιοιιιιι
1068 313 1127 408 ιι

261 471 317 534 ιοιι
326 473 572 540 tibiexomm‘bus
583 471 697 534 civibus
706 470 856 531 licentium
865 469 984 532 tribuet.
1006 467 1086 529 illud
1099 465 1373 549 stpnnbendsm

261 585 327 626 eum
345 585 460 646 pecem,
482 583 543 646 qne
562 583 636 645 pece
657 583 736 626 unus
759 563 913 624 dominatu
935 561 1016 622 urbis
1037 561 1200 642 potiretur:
1222 559 1303 620 istud
1332 579 1374 620 en

262 669 389 737 speetu,
402 670 437 718 ut
449 678 539 740 rupre
546 659 680 738 judicum
694 655 814 716 decretu
828 665 859 716 et
871 654 1015 726 institute,
1027 663 1172 734 perpetue
1181 650 1256 713 serie
1270 671 1289 713 ι
1302 671 1373 712 mu-

257 750 370 829 jonbos
383 751 503 824 traditu,
515 739 568 810 ubi
583 749 640 810 soli
651 757 785 828 potestus
803 747 890 808 detur
902 745 1095 826 delinqumdi
1108 755 1140 804 et
1159 743 1270 824 mendi
1281 745 1373 824 quic-

262 841 333 919 quid
346 842 460 902 libitum
473 843 570 902 luerit.
602 840 750 920 Equidem
764 858 831 900 eum
847 855 950 919 rogere
963 839 1061 918 cupio,
1075 837 1322 916 utrumlegitimu
1339 845 1374 896 et

257 933 340 1013 justu
351 935 470 995 rutione
484 935 635 995 decretum
646 932 722 992 illud
738 931 891 1002 accusarit,
914 948 953 991 en
970 941 1077 991 contre
1095 947 1150 1008 per
1167 928 1314 1008 injurium,
1336 937 1373 988 et

262 1026 378 1104 legibue
391 1025 515 1086 violetis.
548 1026 580 1086 st
594 1026 671 1085 enim
688 1023 830 1084 inutiliter
850 1023 924 1083 etin
937 1023 1038 1103 populi
1051 1021 1196 1093 tnnusn,
1209 1030 1372 1100 proptera

257 1115 325 1196 jure
335 1107 528 1178 occideretis:
549 1120 593 1178 sin
606 1117 714 1178 utiliter
726 1127 759 1177 et
770 1137 786 1177 e
797 1135 828 1177 re
842 1115 1046 1185 multitudinis,
1061 1133 1115 1174 cur
1126 1130 1205 1172 nuno
1219 1111 1369 1191 pertidus,

261 1218 297 1267 nt
308 1210 340 1269 bi
352 1211 472 1271 decreto
484 1221 535 1270 tuo
548 1211 694 1270 contrariu
711 1207 894 1270 decernenti
915 1209 977 1271 Sed
989 1227 1086 1290 neque
1098 1207 1151 1266 illu
1158 1207 1253 1286 justu,
1267 1223 1370 1282 neque

230 1323 236 1330 ·
262 1301 329 1361 bueo
341 1302 563 1382 legitimarum,
577 1313 629 1366 unt
641 1303 725 1364 utilis
737 1303 831 1382 vobis.

304 1397 334 1456 5.
355 1395 424 1475 Ego
442 1415 512 1457 vero
531 1415 583 1456 vos
596 1396 683 1456 video
684 1395 833 1476 „judices
846 1395 887 1455 iu
904 1405 935 1454 ιι
954 1394 985 1454 in
1003 1393 1198 1472 vosmetipsos
1219 1407 1289 1450 ιιιι
1302 1391 1370 1449 uni-

264 1495 371 1547 mutos.
392 1487 507 1548 blultds
525 1489 604 1548 enim
612 1488 674 1568 jem
685 1486 866 1593 plebeiorum
878 1485 1029 1544 homiuum
1045 1483 1159 1544 deletos
1171 1491 1262 1562 utque
1276 1501 1370 1542 eccu-

265 1589 348 1639 setos
358 1580 590 1642 condemnastis
622 1582 730 1640 Nonne
743 1596 813 1640 vero
828 1579 958 1657 iniquum
972 1587 1031 1647 ιιι,
1051 1585 1156 1636 contre
1168 1574 1369 1653 vosmetipsos

263 1669 307 1729 ιιι
327 1669 427 1750 legum
445 1691 512 1733 esse
530 1674 729 1744 οιιιιιιιιιιιι,
751 1673 782 1731 in
802 1689 853 1732 eoe
871 1672 1002 1750 veroqui
1018 1667 1133 1728 curiose
1153 1665 1368 1747 supervacanei

265 1761 374 1840 ailquid
396 1775 500 1843 egunt,
519 1775 551 1824 et
573 1767 692 1844 publice
713 1764 850 1826 omnibus
869 1763 1020 1844 negotium
1040 1762 1210 1833 lucescunt,
1224 1767 1256 1820 et
1277 1775 1368 1838 suprs

264 1852 337 1912 telios
358 1873 424 1914 sese
437 1855 596 1927 efferunt,
587 1868 630 1916 rte
651 1875 717 1917 esce
730 1859 813 1918 lenes
829 1866 859 1916 et
881 1853 1063 1915 dissolutos?
1086 1852 1191 1929 Neque
1211 1851 1292 1912 euim
1314 1848 1369 1910 ulli
1454 1875 1455 1932 J

264 1955 394 2004 restrum
401 1946 447 2005 ιιι
457 1949 595 2019 ιιιιιιιιιιι,
611 1949 654 2009 ιιι
667 1950 785 2027 quidem
796 1956 830 2008 ut
843 1967 900 2026 ego
912 1947 991 2018 dico,
1001 1947 1063 2006 lieri
1073 1956 1216 2024 oportere,
1229 1945 1285 2004 sed
1298 1963 1370 2023 pro-
1454 1941 1455 1974 ³

263 2045 331 2116 pter
344 2038 552 2118 Aristogitonis
565 2042 738 2114 bouitutem,
752 2051 782 2101 et
795 2041 920 2100 fructum
934 2059 1021 2118 quem
1034 2057 1073 2098 ex
1091 2057 1128 2098 eo
1143 2037 1279 2117 cupistis,
1293 2055 1369 2096 con·

265 2127 434 2202 uiuendum,
446 2131 499 2191 etsi
513 2132 666 2211 paululum
685 2132 870 2192 deflexerite
888 2131 1012 2210 legibus.
1044 2129 1122 2189 Nem
1140 2149 1207 2190 eum
1228 2145 1296 2188 etse
1313 2129 1368 2186 im·

264 2222 401 2298 probum,
414 2233 445 2283 et
462 2224 571 2302 injusto
585 2223 739 2303 preditum
758 2225 887 2303 iugenio,
908 2223 980 2282 setis
998 2223 1093 2293 vobis,
1115 2230 1151 2279 ut
1168 2219 1310 2298 equidem
1320 2239 1369 2279 ur·
1454 2249 1455 2296 J

265 2312 368 2387 bitror,
383 2315 418 2375 iis
431 2335 498 2394 quse
511 2326 579 2376 unte
598 2316 679 2375 dicte
701 2327 783 2389 eunt,
799 2315 950 2395 Lycurgus
976 2312 1124 2374 ostendit:
1144 2317 1206 2388 jum
1221 2329 1278 2370 nec
1299 2331 1369 2371 esse

267 2408 366 2469 utilem
370 2411 503 2490 exejus
513 2411 587 2471 uctis
599 2410 630 2469 in
642 2409 985 2489 republiceperspieitur
1006 2407 1102 2475 Quem
1115 2406 1193 2466 enim
1203 2405 1373 2466 adductum

266 2502 296 2560 in
305 2502 461 2581 judicium,
474 2522 599 2582 qnorum
615 2503 770 2564 criminum
788 2502 894 2581 arguit,
914 2518 1014 2560 eorum
1032 2497 1159 2561 convicit
1175 2496 1370 2557 resumunt

268 2594 365 2659 Quem
378 2596 462 2655 robis
475 2594 600 2655 reditum
613 2592 820 2674 compererit?
841 2590 930 2659 Quod
950 2592 1101 2655 decretum
1116 2590 1198 2662 tecit,
1211 2590 1294 2668 quod
1317 2608 1372 2651 ros

268 2696 386 2748 secutos
400 2706 536 2748 essenon
546 2675 742 2767 pertinerint
765 2686 844 2746 Num
855 2693 961 2764 preter
978 2692 1085 2753 cetere,
1098 2681 1186 2743 etium
1199 2682 1242 2743 ite
1254 2700 1368 2743 raecors

208 2785 210 2790 '
267 2788 322 2848 est,
344 2789 375 2837 et
386 2780 532 2839 berbsro'
523 2778 651 2858 ingenio,
671 2789 705 2837 ut
718 2778 743 2837 si
763 2776 871 2855 quibus
893 2794 945 2835 vos
969 2775 1102 2836 iratiores
1121 2792 1188 2835 esse
1200 2774 1316 2847 uiderit,
1337 2786 1369 2834 et

267 2868 346 2928 ultre
366 2888 453 2945 quum
472 2888 526 2947 pur
547 2881 595 2931 est
613 2870 788 2939 concitatos,
803 2877 867 2927 tum
887 2865 992 2926 vestris
1015 2866 1227 2939 voluntatibus,
1247 2884 1287 2925 ex
1311 2868 1368 2926 ιιι-

267 2957 376 3019 cundiu
388 2959 578 3034 restituendis,
591 2960 796 3022 occasionibus
810 2958 989 3019 adversetur.
1010 2956 1108 3017 Decet
1120 2967 1217 3018 eutem
1235 2976 1304 3015 eum
1317 2957 1368 3035 qui

245 3105 249 3111 .
267 3049 352 3110 robis
370 3050 536 3112 consultum
549 3052 702 3126 relittnou
715 3052 822 3113 subitis
835 3050 999 3123 effectibus,
1013 3050 1119 3139 quibus
1131 3046 1288 3109 iracundis
1302 3068 1369 3128 per·
1454 3126 1455 3133 ἵ

267 3142 341 3202 moti
352 3150 423 3203 ιιιιιι
434 3142 522 3203 enimi
535 3142 634 3217 vestri,
647 3144 810 3223 indulgere,
825 3143 882 3203 sed
892 3142 999 3205 rationi
1011 3152 1043 3203 ot
1056 3140 1191 3221 negotiis,
1207 3150 1240 3200 et
1251 3149 1368 3220 tempo·
1454 3142 1455 3173 l

153 3292 159 3303 .
269 3235 350 3297 rubus
364 3236 496 3314 obsequi.
517 3235 597 3295 Num
606 3234 658 3296 ille
669 3236 765 3296 subito
780 3236 953 3297 intercidere
966 3234 1080 3295 solent:
1106 3233 1172 3293 huc
1185 3250 1369 3312 pmmsnere,

146 3321 149 3340 ¹
269 3326 494 3387 etdiuturniore
507 3346 580 3388 ιιιι.
601 3326 755 3395 Quorum
748 3338 803 3387 rste
821 3326 894 3387 nihil
914 3328 1059 3406 cogitem,
1071 3322 1189 3386 occultu
1199 3324 1369 3405 reqrubbcoe
1454 3316 1455 3407 l

151 3453 155 3459 ·
268 3417 340 3479 ritis
360 3421 482 3499 profert,
502 3430 536 3481 ut
554 3430 678 3500 cogetur
698 3419 803 3481 eedem
825 3420 944 3500 negotis
964 3428 997 3479 ιι
1019 3429 1083 3479 rste
1102 3418 1221 3491 bebere,
1238 3427 1272 3478 et
1286 3416 1369 3477 irritu
1454 3410 1455 3457 l

270 3509 378 3570 lucere.

182 3649 187 3665 ,
310 3600 404 3661 ortt
412 3602 479 3663 rdeo
491 3604 625 3664 fortassis
635 3604 754 3683 quodrn
765 3622 866 3665 omnes
879 3612 1020 3687 perpetuo
1030 3601 1129 3663 studet
1140 3600 1274 3663 conruere
1286 3600 1368 3663 dice·
1454 3568 1455 3621 ἶ

271 3705 313 3769 re,
324 3704 356 3755 et
363 3694 527 3775 qmrrtetur,
541 3698 728 3757 etorutiones
743 3695 938 3777 interrumpit,
953 3714 1110 3777 eunocum
1123 3696 1368 3773 conservarimu-

269 3788 374 3850 ἰιιιιιι
395 3787 468 3855 Sed,
480 3787 523 3847 itu
536 3807 584 3847 me
605 3788 740 3849 Minerre
759 3799 848 3863 emet,
865 3808 932 3867 quse
948 3806 1028 3849 nunc
1047 3808 1102 3869 pro
1119 3790 1263 3849 concione
1280 3789 1369 3863 liunt,
1454 3804 1455 3873 3

270 3879 410 3943 dedecori
424 3889 493 3940 sunt
506 3880 690 3962 reipublices:
710 3891 741 3940 et
754 3894 872 3963 propter
885 3882 1008 3943 istorum
1022 3900 1075 3962 pro
1093 3890 1236 3961 suggesto
1248 3883 1369 3942 temeri-
1454 3874 1455 3879 ’

271 3986 362 4035 tutem
376 3984 408 4034 et
420 3974 663 4052 desperationem,
680 3974 905 4053 ignominiosum
918 3974 1043 4034 hebetur
1052 3974 1113 4054 jam
1129 3992 1147 4033 u
1163 3974 1250 4033 bonis
1269 3972 1338 4049 viris
1351 3995 1370 4034 e
1454 4024 1455 4031 ι

270 4076 370 4127 vestro
393 4078 526 4138 numero,
539 4056 646 4126 uersari
659 4066 690 4123 in
709 4066 869 4145 republica.
909 4066 1035 4134 Quodsi
1048 4084 1125 4126 nuuc
1139 4063 1225 4126 elicui
1240 4074 1368 4125 ιιιιιιιιι

270 4162 329 4220 istu
337 4156 484 4237 ,voluptati
494 4168 574 4230 sunt,
588 4178 647 4217 non
658 4158 753 4218 deerit
766 4160 963 4241 copieeorum
975 4160 1026 4237 qui
1039 4160 1107 4232 teliu
1117 4160 1266 4219 lectitent.
1288 4156 1369 4216 Nem

270 4252 360 4312 etium
379 4270 456 4310 nunc
469 4250 505 4311 iis
520 4252 658 4311 refertum
670 4260 717 4311 ιιι
733 4263 919 4331 suggestum.
954 4252 1060 4333 Neque
1082 4252 1160 4312 euim
1183 4248 1304 4311 difficile
1320 4261 1369 4310 ιιι

269 4342 481 4422 reprehendere
492 4344 622 4415 consilis,
631 4344 684 4404 sed
692 4342 816 4405 suadere
824 4346 946 4424 aliquid,
955 4358 985 4407 et
993 4344 1171 4427 pertundere
1180 4345 1276 4414 vobis,
1288 4355 1324 4403 ut
1332 4362 1366 4403 ιι

269 4452 339 4515 quus
348 4445 464 4515 oportet
472 4436 648 4509 decernetis,
658 4438 689 4498 id
701 4455 770 4498 rero
780 4438 899 4501 difficile
912 4450 966 4501 est.
988 4440 1035 4501 Ad
1046 4438 1111 4499 buc
1120 4437 1176 4499 nisi
1184 4436 1267 4518 prius
1276 4437 1365 4499 etism
