2934 5000
561 312 617 376 DE
637 313 821 378 conoul.
1186 311 1243 374 196

137 465 208 540 ffixi,
221 485 288 546 qu
305 486 345 528 ex
362 487 412 532 me
424 469 541 532 duobur
556 471 601 538 de
619 471 716 534 oum‘u
738 468 858 532 euertit
877 467 984 528 mimi
1002 464 1129 530 audietir
1142 465 1240 550 runi,

133 559 268 638 primum,
278 569 314 620 ut
327 561 506 643 intelligetir,
518 583 565 626 me
579 583 670 626 unum
683 583 722 624 ex
739 562 776 624 iie
788 560 840 642 qui
853 558 1019 622 eoneioneri
1036 569 1067 622 et
1080 577 1170 638 remp.
1183 557 1237 620 ed·

133 651 295 714 nimum
309 653 405 716 rotent
416 655 627 718 benevolentior
639 656 737 717 locum
750 655 781 716 in
794 653 930 736 perieulis
943 671 1002 714 non
1013 651 1174 730 reliquiae,
1184 648 1237 712 ned

130 760 169 804 eu
188 764 242 825 pro
257 746 340 808 robie
357 759 422 806 tum
435 749 533 808 dioere
554 759 618 809 tum
633 749 790 810 decernere
809 767 876 826 quer
892 745 1107 808 oonveniebont
1117 763 1236 824 perrpo

130 849 212 897 ctum
221 857 287 900 erre
300 840 332 900 in
344 839 416 918 iprie
426 842 604 919 temporibus
616 841 832 902 formidolosis:
854 840 972 913 deinde,
985 838 1057 918 quie
1067 839 1148 898 brevi
1161 847 1235 896 tem·

129 948 200 1008 pore
213 932 243 990 irr
255 932 297 990 dir
314 942 499 1012 consumpto,
513 934 608 994 multo
619 934 715 1013 mng'n
728 933 768 993 ed
781 933 928 1014 reliquum
945 933 1035 993 totiue
1053 930 1234 992 adminirtre·

128 1021 218 1084 tionis
230 1023 356 1103 publiooe
376 1034 485 1086 rtetum
502 1025 743 1104 cognoroendum
763 1023 842 1086 eritis
866 1024 1009 1084 inrtruoti.
1045 1022 1115 1083 Dixi
1134 1022 1232 1102 igitur,

130 1134 203 1174 eoo
228 1115 294 1194 qui
314 1116 375 1176 eie
397 1117 742 1188 tumultuarentur,
761 1116 878 1195 queri
896 1115 1074 1176 Thebani
1095 1125 1234 1176 errent

127 1206 246 1268 amici
277 1207 472 1288 Philippo,
499 1209 635 1269 totino
668 1223 787 1268 rerum
819 1208 1072 1287 proruentium
1103 1217 1231 1268 rtetue

63 1375 73 1385 ·
125 1300 299 1378 igneroe
326 1299 417 1360 mihi
440 1301 585 1364 rideri.
627 1301 755 1362 Probe
782 1299 882 1359 enim
909 1299 1091 1379 cognovi,
1114 1299 1145 1360 el
1172 1301 1232 1360 ite

126 1409 253 1452 nereo
276 1391 443 1464 liaberet,
464 1393 739 1473 nonjameum
763 1392 902 1452 Eletem
921 1411 997 1464 nor,
1023 1390 1150 1451 sedin
1171 1411 1230 1452 no·

127 1483 232 1543 etrir
258 1483 404 1544 finibus
428 1503 530 1556 esee,
555 1485 788 1546 audituros.
825 1483 999 1544 Venisse
1026 1491 1158 1543 eutem
1186 1484 1232 1543 il-

127 1572 218 1646 lum,
253 1585 297 1635 ut
327 1595 373 1636 ee
404 1596 488 1656 quer
517 1577 715 1639 Thebanis
750 1577 1004 1648 machinatur,
1035 1575 1232 1654 expedite

124 1665 286 1740 hebent,
310 1678 422 1728 eerto
444 1669 540 1730 reio.
580 1669 626 1730 Ut
645 1680 775 1731 entem
802 1669 884 1729 hmo
907 1687 948 1726 re
970 1667 1161 1740 hebeent,
1184 1667 1230 1726 in-

123 1775 223 1836 quom,
246 1758 473 1820 ntteudite.
513 1762 782 1840 Quotcunque
812 1759 889 1820 ille
913 1759 1132 1818 Thebenor
1164 1763 1230 1822 vel

122 1851 303 1930 pecunia
324 1849 522 1913 inducere
543 1853 611 1915 rel
630 1854 724 1914 dolo
751 1871 899 1932 cupere
923 1850 1068 1932 potuit,
1090 1869 1228 1913 omner

122 1942 250 2004 hebet
269 1943 529 2006 instructor:
552 1966 623 2008 eor
655 1956 797 2020 nutem,
826 1945 895 2026 qui
918 1946 965 2006 ab
988 1943 1119 2004 initio
1147 1943 1227 2004 eibi

122 2036 376 2096 restiterunt
416 2049 457 2096 et
484 2058 590 2098 nnnc
623 2039 921 2114 adversantur,
957 2037 1072 2098 nullo
1110 2037 1227 2098 modo

121 2127 297 2188 euadere
333 2135 484 2205 potest.
518 2129 623 2194 Quid
659 2129 794 2208 igitur
830 2127 916 2189 eibi
954 2128 1046 2190 vult
1081 2140 1123 2189 et
1154 2149 1227 2189 our

121 2218 313 2278 Elnteom
333 2219 581 2298 occupavit?
608 2219 667 2293 Ut,
687 2219 867 2279 ndmotir
891 2220 1021 2299 copiis
1041 2220 1226 2300 ermieque

119 2311 171 2370 in
193 2318 407 2387 conspeetu
438 2310 587 2387 positio,
611 2312 758 2372 omioor
777 2311 938 2390 quidem
963 2329 1058 2371 onor
1084 2313 1222 2372 confir-

118 2412 200 2464 met
225 2397 354 2481 et'que
379 2400 523 2481 eriget,
550 2403 812 2465 edrereerioe
841 2413 971 2464 entem
998 2411 1158 2475 terrent,
1185 2413 1226 2465 ut

117 2499 181 2559 vel
208 2506 313 2557 metu
339 2495 514 2576 perculsi
541 2518 588 2559 en
615 2497 850 2559 concedunt
882 2516 967 2579 quoe
991 2515 1090 2557 nuno
1118 2516 1224 2558 recu·

119 2600 223 2661 eunt,
249 2589 313 2651 rel
340 2588 378 2648 vi
404 2600 613 2669 cogentur.
654 2590 687 2650 si
709 2590 846 2670 igitur
868 2584 956 2661 riou,
982 2589 1112 2669 inquom,
1145 2590 1222 2651 lion

118 2695 297 2763 tompore
321 2690 519 2742 etetutum
545 2682 586 2741 in
609 2682 748 2743 enimin
776 2681 1030 2755 habebimus,
1064 2682 1097 2741 ei
1123 2682 1223 2761 quid
1263 2753 1268 2764 „

117 2776 229 2837 forte
251 2794 271 2835 e
296 2773 491 2836 'l'lrebuuir
514 2775 675 2854 grerinr
697 2776 737 2835 in
761 2794 830 2835 nor
854 2774 944 2835 olim
972 2774 1221 2835 commissum

117 2880 187 2944 ert,
207 2868 248 2929 id
273 2866 495 2941 reeordari,
514 2866 651 2949 iirque
677 2868 800 2947 queri
825 2868 870 2927 ob
896 2866 1076 2926 hortium
1102 2878 1220 2947 porte

118 2969 275 3023 starent
293 2959 475 3033 diffidere,
494 2960 655 3039 primum
673 2959 822 3039 quidem
847 2958 882 3018 id
905 2958 1101 3031 sociemur,
1120 2960 1219 3038 quod

116 3050 586 3131 Philippur'exopterit3
608 3050 757 3113 deinde
782 3068 931 3121 uereor,
950 3068 996 3109 no
1022 3052 1218 3111 consenti·

114 3145 290 3205 entibus
315 3141 364 3201 iir
392 3143 456 3221 qui
481 3162 582 3203 nuno
608 3141 686 3222 ipri
708 3143 972 3203 adversentur
995 3152 1114 3220 utque
1140 3162 1217 3203 uno

115 3238 243 3298 animo
263 3233 446 3294 'omnibns
467 3253 551 3293 eum
573 3232 758 3314 Phiiippo
777 3232 1041 3304 facientibus,
1059 3234 1216 3313 utrique

114 3320 227 3395 rim‘ul
248 3328 284 3387 in
302 3313 471 3387 Attienrn
492 3327 691 3388 inundent.
711 3324 827 3393 Quod
848 3324 883 3385 ri
903 3322 999 3384 mihi
1022 3325 1215 3387 ouroulte·

112 3421 231 3493 bitin,
257 3427 297 3479 et
321 3415 370 3476 ed
390 3436 435 3477 oe
460 3432 545 3495 queo
572 3416 701 3477 dieem
726 3414 1038 3487 considerando,
1065 3435 1140 3477 non
1167 3419 1215 3481 nd

113 3516 220 3575 liter
248 3510 297 3571 de
323 3509 378 3570 iir
405 3506 637 3579 movendae,
658 3526 728 3567 ror
755 3506 1005 3587 accingetis,
1029 3510 1215 3574 arbitror

113 3608 202 3668 sore
222 3614 264 3664 nt
283 3611 324 3663 et
344 3611 461 3663 reete
481 3618 636 3665 monere
656 3600 801 3661 videor
823 3610 862 3660 et
884 3600 1092 3663 imminens
1114 3604 1213 3685 reip.

113 3698 340 3782 pericnlum
358 3695 597 3776 propulsum.
620 3690 724 3763 Quid
747 3692 872 3774 igitur
891 3694 979 3755 diuo
1002 3696 1212 3776 oporteret

115 3794 290 3858 Primum
316 3799 466 3851 metum
493 3787 535 3846 in
574 3806 655 3866 quo
686 3806 796 3848 nuno
819 3788 1046 3851 versemini
1079 3791 1211 3849 remit·

114 3897 212 3957 tere,
232 3881 384 3945 deindo
407 3881 490 3941 alio
512 3880 626 3939 illum
652 3880 881 3942 trenrlerre
908 3893 946 3943 et
966 3901 1033 3962 pro
1060 3881 1210 3940 Thebe·

112 3980 177 4039 nie
200 3994 338 4037 omnen
362 3974 522 4038 timere:
554 3973 682 4033 multo
709 3974 809 4033 enim
842 3974 960 4035 nobin
988 3972 1101 4035 olndi
1124 3990 1209 4050 pro·

112 4072 256 4154 pioror
279 4078 382 4137 runt,
404 4066 543 4146 iisque
565 4065 735 4127 omnium
755 4067 893 4146 primis
919 4066 1096 4125 imminet
1114 4065 1209 4142 peri·

111 4164 264 4225 culum:
307 4170 387 4219 tum
417 4177 512 4219 roro
544 4146 781 4238 etjur‘ener
814 4156 977 4217 militioe
1013 4163 1136 4233 optor
1170 4170 1210 4219 et

111 4252 283 4334 e‘qniter
311 4250 549 4311 Eleusinem
568 4250 786 4330 proiectos
809 4246 1032 4309 ostendere
1055 4246 1207 4314 Grteoie

111 4346 385 4409 omnibuevor
407 4342 450 4403 in
471 4343 595 4405 armis
619 4362 718 4413 erre,
742 4352 783 4404 ut
807 4341 861 4400 ils
885 4338 954 4418 qui
978 4338 1207 4405 Thebisvo·

110 4441 274 4505 birrum
296 4436 488 4501 rentiunt
507 4454 619 4514 reque
641 4436 834 4515 vobieourn
863 4431 983 4495 licen-t
1009 4433 1143 4497 libere
1165 4436 1209 4496 de
1266 4458 1270 4467 ¹
