2934 5000
374 587 527 650 llBANll
550 581 853 648 ARGUMENTUM
875 580 919 640 IN
940 573 1197 639 ottonom

565 693 647 752 PRO
672 685 1013 751 MEGALOPOLITIS.

284 853 483 906 brarnnuorrr,
499 863 567 909 quous
586 849 615 894 sd
635 849 733 894 oeneus
751 844 848 894 Boeotioe
860 842 970 903 oppidoue
988 840 1044 888 viati
1062 855 1076 888 s
1092 836 1215 892 lbebssis.
1232 840 1328 896 propter

251 928 365 977 Arosdnrn
376 926 538 980 delectionem,
549 923 587 984 qui
607 938 631 970 se
649 923 677 968 nd
696 922 816 968 Tbebsnos
835 918 985 974 contulerant,
997 916 1021 962 in
1039 931 1120 976 rengno
1131 912 1235 975 periculo
1245 917 1330 967 esent,

220 991 230 1014 ¹
251 1005 420 1053 Atheniensium
429 1002 514 1050 anxilio
523 997 650 1048 conservati
662 1005 721 1044 sunt.
756 999 819 1050 Post,
828 997 858 1043 iis
866 993 1034 1042 discriminibus
1046 991 1194 1054 propnlsstis,
1210 1001 1331 1049 mopsu-

251 1091 358 1141 tnqneex
372 1087 437 1142 porte
446 1077 542 1139 pristine
553 1075 661 1138 potentis,
673 1073 834 1134 Megalopolim
848 1069 952 1118 Amore
963 1071 1043 1116 nrbenr
1058 1068 1198 1124 invaserant,
1213 1066 1330 1129 postulata

250 1171 294 1220 per
306 1158 394 1218 legulos
405 1158 434 1202 ab
445 1153 624 1202 Atheniensibus
632 1151 682 1214 ejus
694 1150 748 1198 belli
761 1149 880 1208 soeistste.
911 1147 1027 1194 Miserunt
1037 1150 1062 1191 st
1071 1142 1245 1204 Megalopolim
1257 1143 1330 1188 Athe²

252 1251 302 1289 uss,
317 1234 357 1294 qni
373 1233 483 1280 sutilium
498 1237 610 1290 peterent.
643 1228 811 1274 Demosthenes
827 1225 899 1286 igitar
914 1222 1095 1272 Atheniensibus
1106 1219 1326 1275 erebrescunt

254 1308 358 1358 exscindi
370 1307 543 1370 Megalopolim,
556 1307 590 1354 rel
599 1320 656 1366 opes
664 1301 889 1352 lacedemoniorum
895 1315 998 1348 messere
1009 1299 1132 1360 patiantur,
1139 1313 1191 1345 snm
1201 1298 1232 1345 sit
1241 1313 1254 1344 s
1264 1309 1332 1355 reps-

209 1411 212 1416 v
254 1387 313 1433 blics
324 1386 357 1432 eis
367 1385 448 1434 terrori
457 1399 501 1431 non
513 1397 565 1430 asse
573 1381 769 1429 Lnoedsnmonem.

482 1915 486 1918 ,
585 1800 1017 1916 DEM08THEN18

443 2041 566 2117 PRO
620 2037 1156 2115 MEGALOPOLITIS

702 2238 895 2303 ORATIO.

302 2427 329 2481 l.
352 2420 505 2484 Urrrrcus
518 2416 587 2475 mihi
600 2433 721 2494 peceare
734 2414 878 2485 ridentur,
894 2414 1098 2486 Athenienses,
1110 2423 1171 2472 tarn
1184 2412 1203 2470 ii
1217 2409 1265 2490 qui
1280 2411 1339 2468 Ar·

262 2514 392 2583 cedibus,
407 2532 493 2588 quam
506 2510 526 2568 ii
539 2510 588 2588 qui
603 2508 832 2567 Lscedoemoniis
852 2508 1082 2586 patrocinantur:
1102 2517 1241 2585 tanquam
1261 2504 1341 2563 enim

263 2606 299 2663 sb
311 2603 454 2662 alterutris
465 2600 553 2673 missi,
563 2620 621 2659 non
635 2596 722 2657 nostri
733 2596 811 2657 eires
825 2598 891 2669 sint,
905 2598 980 2676 apud
995 2616 1068 2675 quos
1079 2596 1122 2657 illi
1134 2596 1245 2674 utrique
1257 2594 1341 2671 lega·

262 2695 368 2755 donem
389 2697 507 2763 obeunt,
521 2692 561 2751 sic
579 2702 678 2749 mutuo
693 2710 724 2748 se
738 2699 878 2750 accusant
889 2700 920 2751 et
935 2692 1129 2751 criminantur.
1156 2689 1191 2748 ld
1208 2688 1286 2766 quod
1298 2688 1343 2747 le-

263 2786 338 2863 gatis
352 2784 568 2860 relinquendum
584 2781 653 2841 luit:
675 2800 773 2840 eorum
786 2782 862 2840 enirn
877 2781 925 2859 qni
939 2783 1090 2842 consilium
1102 2782 1149 2841 hic
1161 2781 1343 2859 pollicentur,

263 2874 386 2934 officium
399 2884 454 2946 est,
469 2873 569 2931 salmis
583 2882 714 2932 neutram
727 2874 757 2931 in
768 2883 878 2952 partem
891 2874 1104 2947 inclinantibus,
1117 2873 1213 2932 dicere
1226 2881 1343 2931 senten·

263 2966 328 3041 tias,
344 2977 373 3026 et
387 2967 447 3025 sine
466 2966 695 3025 contentionibus
710 2965 858 3044 exquirere
874 2966 944 3043 quid
958 2967 1037 3026 vobis
1050 2966 1174 3025 maxime
1186 2963 1341 3024 conducat.

263 3058 348 3117 Nunc
362 3060 403 3117 sic
417 3058 548 3135 equidem
563 3057 702 3129 existimo,
718 3057 774 3116 nisi
788 3058 849 3116 noti
862 3067 960 3118 essent
977 3058 1131 3136 Atticeque
1147 3059 1341 3135 loquerentur,

261 3150 322 3209 fore
336 3150 449 3219 multos,
466 3150 513 3228 qui
527 3168 576 3208 eos
591 3150 693 3225 partim
709 3148 838 3208 Arcades
852 3170 924 3220 esse,
937 3149 1040 3228 partim
1054 3149 1184 3208 Lacones
1196 3157 1342 3227 putarent.

263 3242 326 3302 Etsi
339 3256 434 3303 sutem
444 3243 536 3313 video,
548 3260 634 3321 quern
648 3240 760 3301 difficile
772 3241 810 3300 sit
819 3242 927 3321 optima
936 3242 1076 3301 suadere:
1096 3261 1133 3301 ne
1144 3261 1209 3300 cum
1220 3260 1270 3300 vos
1282 3259 1343 3300 una
1358 3306 1365 3315 ,

263 3336 379 3415 decepti
392 3338 452 3397 sitis
461 3349 490 3396 et
504 3337 550 3395 alii
561 3336 618 3395 elie
629 3335 734 3405 velitis,
749 3335 810 3407 fiat,
821 3337 845 3396 si
858 3337 922 3414 quis
930 3335 1052 3395 mediam
1066 3336 1142 3394 viem
1154 3343 1261 3404 teneat,
1273 3352 1343 3393 vos·

263 3444 320 3503 que
331 3446 389 3485 rem
399 3448 574 3506 cognoscere
586 3426 751 3506 gravemini,
765 3438 799 3487 ut
808 3439 837 3487 et
849 3428 957 3487 neutris
968 3428 1158 3506 gratificetur;
1178 3435 1209 3486 et
1220 3427 1251 3485 in
1263 3436 1343 3485 utro·

264 3534 383 3593 rumque
396 3519 463 3577 odis
476 3521 616 3579 incurrat:
636 3530 824 3579 veruntamen
838 3521 900 3598 ipse
914 3520 1000 3592 melo,
1015 3520 1040 3578 si
1051 3518 1125 3579 forte
1137 3520 1181 3579 its
1198 3519 1344 3591 ceciderit,

264 3607 378 3685 ineptus
388 3608 488 3680 videri,
507 3628 593 3686 quara
608 3612 720 3670 omissis
737 3612 782 3671 bis
800 3631 865 3690 quas
880 3611 949 3670 milri
967 3612 1088 3671 maxime
1099 3610 1231 3671 videntur
1245 3631 1310 3676 esse
1325 3630 1344 3669 e

262 3698 418 3777 republica,
431 3700 592 3777 permittere
605 3712 639 3760 ut
653 3702 771 3779 quidam
787 3720 838 3763 ros
852 3702 1008 3781 decipiant
1042 3702 1086 3762 Ac
1103 3714 1209 3764 cetera
1225 3702 1342 3782 quidem

262 3800 376 3872 postea,
389 3792 414 3851 si
422 3800 518 3851 vestre
530 3793 662 3851 voluntas
675 3794 757 3865 feret,
768 3795 882 3854 dicam:
903 3814 982 3855 nunc
991 3814 1062 3855 vero
1077 3794 1146 3876 quid
1161 3794 1344 3875 potissimum

263 3884 398 3987 expedire
412 3883 580 3954 existimem,
594 3903 715 3944 exorsus
727 3887 766 3945 ab
778 3886 824 3947 bis
843 3908 910 3967 quse
923 3907 1024 3948 omnes
1036 3888 1220 3961 confitentur,
1237 3888 1343 3947 docere

263 3975 407 4054 meipiem.
577 4042 581 4045 ,

303 4070 333 4126 2.
357 4064 385 4124 N
386 4084 451 4126 emo
460 4066 548 4145 igitur
560 4066 675 4144 negabit
688 4085 753 4127 esse
761 4088 778 4127 e
787 4069 936 4149 republica
943 4080 973 4131 et
987 4070 1222 4132 Lacedaemonios
1229 4080 1261 4131 et
1266 4068 1345 4129 'l'he-

263 4158 356 4217 bsnos
368 4158 440 4219 istos
454 4176 516 4218 esse
533 4156 669 4217 inlinnos.
699 4158 788 4221 Nunc
801 4173 899 4222 sotera
917 4163 943 4223 is
957 4183 1052 4223 rerum
1064 4172 1157 4224 status
1171 4172 1226 4237 est,
1241 4163 1266 4225 si
1284 4182 1345 4242 qus

264 4250 352 4325 modq
359 4253 523 4332 conjecturs
530 4271 568 4313 ex
576 4253 621 4312 his
634 4270 700 4330 quse
713 4272 793 4335 sepe
806 4254 886 4335 apud
897 4276 949 4318 vos
957 4258 1069 4336 jactate
1082 4267 1151 4317 sant
1167 4256 1233 4336 capi
1245 4256 1344 4330 debet,
