2934 5000
210 300 214 311 '
248 303 308 360 206
661 293 719 356 DE
740 289 947 368 cortone,

249 467 316 512 cere
332 451 487 529 quicquum
501 448 580 508 uliud
592 448 702 528 possit:
723 447 851 529 Philippi
864 467 944 520 sero,
954 465 1021 508 eum
1035 463 1096 525 quo
1109 447 1193 510 nobis
1205 457 1271 508 erat
1282 463 1364 509 eer-

249 553 357 613 tcmen,
372 541 522 620 quemodo
542 559 575 600 se
595 559 643 600 res
661 540 827 603 habuenrnt
843 540 950 600 videte.
992 539 1120 600 Primum
1134 541 1299 620 imperabat
1313 541 1360 600 iis

249 632 301 708 qui
319 649 384 690 eum
404 631 600 708 sequebantur
613 632 676 708 ipae
690 632 862 691 auctoritate
880 649 1003 702 summa,
1017 631 1098 710 quod
1110 651 1211 691 eorum
1225 650 1292 709 ques
1306 633 1357 690 ad

247 721 357 782 beilum
370 721 686 800 pertinentpnatimum
697 723 892 781 estomnium.
929 721 1042 782 Deinde
1055 721 1085 780 bi
1100 741 1179 782 arma
1193 741 1357 800 nunquam

249 831 309 872 non
323 813 471 872 habebant
491 813 521 870 in
539 812 683 872 munibus.
726 812 842 872 Deinde
855 813 981 891 pecunia
994 811 1170 873 abundabat.
1213 814 1262 889 Et,
1277 833 1356 890 qum

249 902 305 982 ipsi
322 905 386 964 risa
407 913 517 975 meent,
536 904 654 982 egebat,
675 903 882 964 non¹decretis
896 905 963 981 quid
974 905 1053 962 uellet
1068 915 1136 963 ente
1150 903 1353 975 denuncians,

251 994 348 1055 necin
362 995 516 1075 propatulo
530 992 705 1068 deliberans,
719 1014 780 1054 nen
793 1013 811 1055 u
824 995 1084 1055 calumniatoribus
1098 995 1128 1052 in
1139 993 1282 1074 judicium
1293 1015 1353 1054 ro-

251 1095 345 1159 entus,
361 1105 421 1146 non
442 1085 551 1145 decreti
574 1096 677 1146 contra
696 1085 779 1165 leges
803 1085 902 1166 scripti
922 1084 1099 1164 postulatus,
1111 1104 1169 1144 non
1183 1085 1351 1144 retinnibus

250 1177 379 1257 cuipiam
390 1177 548 1238 referendis
561 1178 715 1250 obnoxius
728 1178 781 1239 aed
803 1179 889 1259 plene
902 1178 965 1258 ipse
978 1178 1123 1248 dominus,
1137 1177 1207 1250 dux,
1221 1177 1352 1256 impera-

251 1278 297 1328 tor
312 1269 452 1330 omnium.
487 1269 559 1349 'Ego
571 1289 643 1330 vero
655 1271 705 1348 qui
717 1280 822 1330 eontra
834 1269 914 1328 hune
932 1269 1089 1328 insu-uetus
1112 1287 1300 1328 arem-nem
1310 1279 1352 1327 et

250 1358 308 1420 hoc
320 1359 561 1438 exquirimquum
578 1364 750 1439 est-cujus
762 1361 804 1422 rei
813 1369 990 1441 potestatem
1009 1359 1176 1420 habebam?
1216 1359 1350 1418 Nullius.

252 1451 330 1512 Nam
342 1452 466 1532 primum
479 1453 557 1512 habe
569 1453 664 1534 ipsam
673 1452 867 1514 coneicnmdi
880 1451 1060 1522 facultatem,
1068 1445 1157 1530 'eujus
1169 1451 1349 1510 soliuseram

251 1543 397 1625 perticeps
418 1564 486 1624 ego,
501 1561 686 1605 communem
698 1544 891 1626 proposuistis
900 1562 957 1604 ses
970 1541 1046 1601 illins
1060 1543 1243 1600 mercennriis
1258 1551 1349 1618 etque

167 1663 170 1666 ⁴
251 1634 332 1706 mihi,
341 1645 372 1694 et
384 1635 603 1714 quibuscunque
617 1636 647 1694 in
656 1639 745 1697 rebus
753 1655 800 1697 me
813 1635 856 1694 illi
870 1632 1173 1713 superarent—multe
1187 1641 1284 1690 autem
1296 1651 1349 1690 ae·

251 1723 385 1784 ciderunt
397 1725 575 1804 hujusmodi,
588 1725 647 1784 alia
657 1727 723 1785 eliis
737 1725 896 1796 decausis,
909 1728 1099 1800 quiscunque
1107 1720 1168 1779 iors
1177 1719 1348 1792 tulisset—-,

251 1813 282 1872 in
296 1813 331 1873 iis
346 1833 383 1873 cx
402 1833 456 1870 usu
468 1814 599 1870 hostiurn
616 1814 694 1871 initis
713 1816 843 1873 consiliis
862 1812 1046 1872 discessistis.
1087 1811 1286 1870 Veruntamen
1300 1823 1351 1871 tot

141 1909 148 1916 ’
254 1906 340 1964 rebus
353 1901 471 1962 interior
483 1901 650 1978 egnsocies
662 1903 745 1962 vobis
758 1904 922 1979 comparari
938 1904 1076 1972 Euboees,
1089 1901 1223 1976 rehem,
1237 1901 1348 1970 Cerin-
1399 1967 1404 1980 ,

252 1993 343 2062 thies,
356 1991 522 2061 Thebans,
544 1992 751 2070 Megarenses,
776 1991 949 2063 Leucsmios,
974 1992 1155 2071 Ceroyrmos,
1175 2011 1211 2050 ex
1237 1995 1349 2072 quibus

251 2095 436 2145 externorum
449 2081 573 2144 militnm
585 2083 751 2162 qru'ndccim
774 2083 873 2155 millia,
887 2084 1015 2161 equitnm
1035 2083 1095 2143 duo
1116 2083 1219 2155 millia,
1239 2095 1349 2163 preter

252 2179 379 2238 urbam
401 2176 605 2256 cupientem
622 2185 749 2240 coneto·
770 2175 959 2260 pecuniarum
971 2193 1046 2234 vero
1053 2175 1239 2236 collationem
1252 2195 1347 2257 quan·

253 2279 314 2330 tam
324 2270 405 2350 potui
412 2269 570 2329 inanimum
583 2271 678 2349 exegi.

292 2365 344 2422 70.
365 2361 496 2430 Quod
467 2381 499 2420 st
516 2363 586 2442 jura
608 2371 721 2422 nostra
731 2380 798 2421 eum
821 2362 1023 2421 Thebanorum
1047 2361 1162 2442 juribus
1186 2309 1345 2441 eurupam,

254 2453 401 2526 AEechine,
415 2463 467 2514 eut
479 2471 546 2512 cnm
560 2453 766 2539 Bymntiornm
779 2463 830 2515 sut
844 2471 911 2512 eum
923 2451 1109 2523 Euboeerum,
1124 2463 1176 2512 aut
1194 2453 1232 2513 de
1246 2471 1345 2532 mque·

250 2548 302 2607 bili
316 2555 405 2627 p'trte
425 2547 524 2605 induis
546 2546 705 2624 eciscrmds'
725 2564 805 2604 nune
819 2544 962 2624 disputes,
982 2546 1106 2623 primurn
1127 2545 1256 2623 ignores,
1275 2546 1345 2605 olim

253 2642 350 2712 etism,
370 2658 438 2698 eum
449 2647 590 2696 mecentss
603 2639 733 2697 triremes
752 2646 851 2697 essent
864 2638 923 2698 illm
935 2658 1003 2716 quse
1016 2657 1069 2716 pro
1084 2638 1197 2698 Grecis
1213 2639 1346 2699 decerte-

253 2742 332 2799 runt,
344 2729 487 2789 dueentsa
500 2726 648 2787 chnutem
660 2737 793 2788 nostram
808 2728 977 2807 praebuiese,
997 2748 1092 2808 neque
1110 2746 1142 2787 se
1163 2730 1274 2789 ideireo
1293 2730 1346 2789 de·

244 2822 358 2901 ,teriore
372 2818 541 2879 conditione
551 2836 617 2877 esse
626 2819 758 2877 arbitrari
766 2838 862 2897 neque
874 2838 924 2880 eos
936 2820 987 2899 qui
1000 2820 1056 2879 hoe
1069 2820 1180 2879 consssii
1192 2820 1346 2881 dedissent

248 2908 361 2991 judicio
384 2908 516 2987 persequi
535 2926 633 2985 neque
658 2927 695 2967 ea
718 2910 843 2989 [rmriter
865 2911 940 2971 ferre
959 2920 1138 2990 compertum
1154 2921 1345 2991 mee-turpe

231 3016 235 3026 '
253 3003 330 3061 anim
349 2998 543 3059 fuisset-sed
560 3000 616 3059 diis
637 2999 847 3063 immortalibus
862 3003 982 3081 gretiam
1002 3003 1119 3072 hebere,
1133 3003 1167 3074 si,
1181 3002 1293 3062 Greeeis
1315 3004 1342 3062 in

255 3109 409 3153 commune
421 3090 574 3151 discrimen
589 3090 733 3165 adductis,
748 3091 810 3171 ipsu
823 3094 914 3173 duplo
923 3095 991 3172 plus
1002 3112 1089 3171 quum
1098 3093 1146 3153 alii
1160 3094 1198 3153 ad
1213 3094 1342 3153 omnium

252 3184 376 3245 salutem
388 3182 570 3242 contulisset.
611 3182 703 3243 Porro
715 3183 832 3245 inanem
845 3185 924 3265 apud
937 3185 991 3245 hes
1004 3186 1127 3263 graiium
1143 3196 1257 3263 captas,
1277 3206 1344 3247 cum

251 3296 300 3336 me
312 3274 497 3336 calumnieris
509 3294 517 3333 :
536 3274 607 3354 quid
620 3276 697 3335 enim
709 3294 791 3336 nune
802 3296 839 3337 ea
855 3276 928 3337 dicis
941 3296 1007 3356 quse
1022 3277 1121 3337 facere
1133 3278 1295 3355 oportebat,
1309 3298 1343 3339 ae

253 3383 317 3427 non>
326 3379 398 3439 tum,
412 3386 480 3427 eum
492 3367 523 3425 in
535 3366 608 3427 urbe
620 3386 700 3427 esses
712 3370 858 3447 rebusque
866 3369 1033 3439 interesses,
1049 3366 1112 3426 hme
1122 3368 1311 3442 decernebas,
1320 3370 1349 3429 si

254 3459 373 3536 quidem
380 3458 490 3518 lieebet
504 3461 561 3537 ‘per
577 3458 627 3519 illa
647 3470 791 3539 tempora,
806 3460 949 3538 inquibus
963 3479 1022 3520 non
1036 3459 1114 3537 quod
1131 3458 1280 3532 vellemus,
1291 3462 1343 3521 sed

252 3549 331 3627 qnod
353 3568 400 3607 res
424 3548 496 3625 ipsae
524 3549 635 3623 darent,
660 3550 793 3629 accipere
811 3569 967 3610 necessum
988 3560 1061 3611 erut.
1101 3550 1237 3629 Namque
1254 3552 1342 3630 isqui

252 3648 355 3699 contre
365 3638 509 3707 liceretur,
522 3641 573 3717 qni
585 3640 621 3699 iis
633 3659 708 3719 quos
720 3638 906 3719 rejecerimm
920 3652 1085 3721 promptum
1094 3641 1251 3722 hospitium
1268 3662 1342 3723 pres·

251 3732 344 3808 beret,
355 3729 407 3813 qui
418 3728 557 3808 meursius
569 3730 688 3810 insuper
702 3731 794 3805 daret,
807 3732 909 3792 aderat
922 3742 1051 3812 putatus.
1139 3772 1143 3777 -

292 3823 342 3882 71.
362 3820 403 3881 At
419 3820 445 3881 si
457 3838 536 3881 nunc
547 3832 665 3900 propter
678 3842 714 3882 ee
726 3842 792 3901 quse
807 3834 889 3903 gesta
903 3834 974 3885 sunt
986 3844 1116 3899 accusor,
1126 3824 1198 3903 quid
1211 3826 1341 3886 futurum

248 3912 491 3982 fuisse'censctis,
507 3912 543 3980 si,
564 3930 633 3971 cnm
646 3932 702 3991 ego
715 3916 916 3993 scrupulosius
929 3915 975 3975 his
988 3916 1026 3975 de
1039 3918 1125 3975 rebus
1138 3916 1340 3997 disceptarem,

251 4004 461 4067 abacemissent
486 4002 621 4063 civitates
636 4014 669 4062 et
685 4022 751 4063 sese
771 4024 839 4064 eum
851 4004 990 4086 Philippo
1008 4008 1238 4087 conjunxissent,
1259 4010 1341 4087 isque

249 4116 310 4159 iuro
319 4106 449 4175 tetnpere
463 4094 583 4155 meuse
592 4094 678 4155 simul
691 4105 723 4155 at
737 4095 905 4157 Thebarum
919 4100 1107 4178 Bymntiique
1117 4118 1235 4179 compos
1248 4102 1341 4161 sactus

248 4196 336 4255 essct,
344 4186 415 4263 quid
428 4186 624 4248 iacturestaut
636 4186 709 4265 quid
717 4190 835 4265 putatis
852 4189 981 4250 dicturos
993 4190 1085 4251 fuisse
1099 4192 1255 4253 sceleratos
1268 4191 1340 4253 istos

250 4274 404 4335 homines?
444 4276 523 4350 Non,
540 4278 670 4358 proditos
683 4298 750 4339 esse
762 4278 849 4341 illesi
869 4300 939 4359 non,
954 4292 1068 4360 spretos
1082 4300 1117 4342 ae
1140 4282 1262 4361 rejectos
1274 4301 1339 4343 eum

250 4364 474 4429 mtbennem
484 4371 658 4455 cupiissent:
671 4370 778 4432 deinde
786 4370 951 4452 Philippum
963 4372 1216 4454 Hellesponto-per
1227 4374 1339 4455 Bysea-
