2934 5000
233 290 274 346 ⁴2
509 292 517 308 ‘
565 291 838 369 ottrtffltscs
865 291 910 353 lll
935 291 986 369 (1).

236 441 434 524 Msgnesism,
448 445 558 517 omnis,
571 465 626 510 suo
639 448 778 510 ubinam
790 445 1014 528 composuisset,
1030 445 1063 506 in
1074 439 1232 503 Tbrsoism
1245 437 1334 501 sblit:

235 533 277 596 ibi
290 555 391 616 regum
405 535 468 598 eliis
480 536 592 617 ejectis,
605 537 669 600 eliis
681 539 859 613 consumtis,
868 540 899 600 in
910 541 1045 600 morbum
1054 533 1174 598 incidit:
1187 552 1226 596 ex
1235 551 1273 594 eo
1287 551 1336 594 re-

236 639 353 690 creetur
370 641 430 690 noh
448 629 487 690 od
500 630 666 694 socordism
680 651 712 692 ss
725 632 856 705 deflexit,
869 632 924 695 sed
936 631 1035 692 stetim
1048 626 1208 709 Olynthios
1220 634 1269 686 est
1280 643 1335 704 ug·

235 739 366 800 gressus.
388 721 462 803 Ejus
474 733 573 784 sutem
585 724 616 786 in
626 723 742 806 lllpn'os
754 734 787 786 et
795 723 836 786 sd
846 723 1009 786 Pmonssct
1020 722 1163 784 adversm
1175 717 1336 799 erynnis
1386 797 1396 808 ¹

233 823 267 874 et
278 833 339 893 quo
352 813 435 876 noni
455 825 597 896 proteres
609 817 819 897 expeditiones
838 815 920 885 Quid
928 834 1011 894 018⁰,
1023 813 1138 892 inqmet
1149 810 1265 889 flliqffls
1278 810 1338 870 1⁸2⁸

235 907 320 970 nobis
347 927 559 974 commemores
587 907 689 972 nuncl
723 908 888 988 Utrumque
903 917 939 971 ut
956 905 1156 988 cognoscetis,
1175 903 1338 966 Athenien·

237 1019 297 1071 ses,
321 1003 512 1074 obtendatis,
537 1014 600 1064 tum
622 1001 762 1082 projicere
779 999 949 1081 singulatim
972 1017 1089 1080 semper
1107 995 1220 1077 aliquid
1238 1011 1338 1056 rerum

236 1106 326 1170 quum
347 1113 408 1156 uon
430 1091 575 1174 expediet,
596 1105 658 1158 tum
683 1093 813 1156 studium
834 1091 909 1154 illud
932 1091 1052 1171 negotis
1076 1086 1253 1162 incessendi,
1275 1105 1337 1166 quo

237 1185 329 1247 utitur
344 1195 375 1246 ct
396 1189 426 1248 iu
445 1207 504 1267 quo
516 1189 604 1250 ritnm
617 1188 680 1268 egit
691 1186 855 1268 Philippus,
868 1205 931 1266 pre
943 1204 1004 1266 quo
1026 1184 1090 1246 tisri
1106 1201 1168 1244 nou
1179 1189 1289 1262 potest,
1303 1189 1338 1240 ut

235 1279 322 1338 rebus
343 1279 435 1358 gestis
456 1289 613 1344 contentus
637 1281 668 1340 iu
689 1279 751 1342 otio
773 1298 807 1342 se
823 1278 983 1340 coutinent-
1012 1276 1103 1344 Quod
1131 1275 1159 1336 si
1178 1273 1228 1336 ite
1247 1273 1280 1332 iu
1300 1291 1339 1336 ss

236 1371 383 1432 sententis
391 1371 456 1442 erit,
467 1373 661 1450 presentibus
670 1391 785 1453 semper
791 1373 886 1453 msjus
895 1368 1014 1450 aliquod
1029 1367 1245 1432 muficisudum
1258 1385 1336 1436 este.

235 1459 290 1523 'ros
314 1472 423 1536 sutem,
440 1463 549 1524 nullius
566 1463 607 1524 rei
627 1483 729 1524 curum
751 1483 818 1526 esse
837 1463 970 1544 gnaviter
992 1460 1221 1542 suscipiendum,
1240 1457 1338 1520 consi·

236 1554 339 1614 derrte
356 1556 422 1634 quis
446 1555 565 1615 tsndem
578 1556 683 1616 hurum
706 1577 803 1618 rerum
815 1558 913 1618 exitus
929 1554 1093 1636 sperandus
1113 1552 1161 1613 sit.
1194 1551 1270 1619 Quis
1286 1567 1339 1612 ve·

236 1655 340 1719 strum,
353 1667 406 1726 per
418 1647 502 1720 dsos,
518 1647 593 1708 sdeo
606 1649 729 1728 simplex
744 1660 800 1720 est,
813 1649 864 1728 qui
883 1650 996 1712 nescim
1007 1647 1117 1708 bellurn
1130 1645 1212 1706 illinc
1228 1643 1269 1704 sd
1281 1661 1339 1705 nos

235 1747 452 1817 perventurum,
465 1738 491 1798 si
504 1737 737 1817 neglexerimus?
764 1739 874 1798 Verum
886 1739 919 1798 id
937 1738 962 1796 si
978 1736 1041 1809 mr,
1054 1755 1165 1811 vereor,
1176 1735 1339 1798 Athenien·

236 1852 294 1906 ses,
308 1853 346 1894 ne
361 1833 607 1911 quemsdmodum
621 1832 652 1906 ii,
665 1834 716 1912 qui
729 1841 839 1892 temere
852 1832 1009 1912 pecuniam
1019 1849 1130 1910 mugno
1150 1831 1261 1892 ioenore
1273 1849 1340 1892 mu·

237 1933 289 1984 tuo
306 1934 437 1998 sumunt,
451 1934 540 2004 utque
558 1924 608 1984 ille
621 1924 769 2005 paulisper
781 1923 964 2005 locupletati,
975 1924 1145 2003 postetiuru
1156 1921 1340 2001 pstrimmiis

236 2025 420 2088 evertuntur,
441 2015 484 2076 sic
498 2027 528 2076 et
541 2017 627 2078 nobis
646 2015 802 2095 segnitiem
819 2025 950 2078 nostrsm
967 2033 1078 2094 msgno
1097 2014 1265 2076 constitisse
1279 2010 1340 2094 'sp-

237 2119 348 2188 psreut,
368 2117 400 2168 et
423 2108 495 2168 dum
515 2109 555 2168 sd
574 2111 755 2189 uoluptatem
774 2109 874 2170 omnis
896 2109 1061 2183 referimus,
1080 2109 1112 2166 in
1130 2106 1339 2170 necessitatem

236 2201 357 2263 tuudcm
369 2197 521 2262 re'nismus
544 2202 638 2262 mults
660 2219 757 2280 suque
769 2202 880 2282 gnris,
902 2221 971 2282 qum
990 2200 1111 2261 minime
1122 2199 1275 2289 vellemus,
1292 2200 1339 2260 is·

236 2291 343 2367 ciendi,
353 2293 448 2374 deque
462 2293 542 2373 egris
555 2293 663 2356 normis
675 2294 881 2375 periclitemur.

276 2387 305 2444 7.
328 2385 377 2446 Ac
393 2385 605 2466 reprehendere
618 2387 738 2467 quidem
757 2386 862 2447 dixerit
879 2385 981 2447 sorssu
1000 2381 1103 2464 uliquis
1120 2400 1190 2448 etse
1204 2383 1291 2446 iscils
1307 2394 1341 2446 et

234 2477 375 2559 cujusvis,
394 2479 465 2559 quid
488 2487 585 2541 sutem
601 2478 648 2540 bis
669 2477 813 2542 derebus
832 2478 1021 2539 sumendum
1040 2478 1084 2539 sit
1095 2478 1292 2558 pronuntiare,
1306 2477 1339 2540 id

235 2590 301 2631 esse
314 2571 480 2632 consiliun'i.
522 2571 588 2650 Ego
603 2590 670 2631 sero
684 2590 744 2632 non
758 2589 823 2631 sum
837 2572 965 2647 nescius,
979 2570 1190 2645 Athenienses,
1204 2590 1339 2651 smpeuu·

235 2678 316 2721 mero
328 2680 383 2722 vos
397 2680 458 2722 uon
471 2662 508 2723 iis
521 2661 573 2741 qui
586 2660 697 2722 suntin
710 2662 808 2742 culpe,
822 2662 874 2724 ssd
889 2662 934 2724 his
946 2662 997 2745 qui
1009 2662 1150 2744 postremi
1162 2664 1340 2725 sententism

236 2754 371 2828 dixerint,
383 2755 479 2829 irasci,
487 2746 544 2815 'ubi
558 2754 630 2835 quid
649 2772 686 2815 sx
701 2756 848 2817 sententis
862 2777 922 2819 non
935 2757 1078 2819 creueritt
1099 2774 1160 2819 uon
1171 2766 1272 2817 tumen
1290 2775 1339 2817 ur·

204 2914 213 2921 ,
235 2845 326 2906 bitror
344 2846 415 2907 mibi
433 2846 471 2907 de
489 2846 606 2927 propris
625 2866 692 2907 mes
710 2848 805 2911 seluto
823 2848 967 2927 cogitsnti
985 2866 1054 2909 esse
1082 2845 1339 2924 dissimulandum,

235 2930 347 3015 quod'e
360 2955 392 2997 rc
406 2944 501 2997 restrt
512 2937 645 2997 futurum
667 2956 733 2996 esre
753 2938 871 2999 ducum.
912 2940 1029 3001 Censeo
1047 2938 1137 3017 igitur
1154 2938 1271 3000 duobus
1284 2958 1339 3005 ros

234 3038 368 3109 oportere
381 3028 475 3088 modis
488 3026 770 3107 rebus-succurrere,
783 3039 847 3089 tum
865 3032 953 3092 nrbes
967 3050 1037 3091 sues
1051 3030 1201 3112 Olynthiis
1214 3047 1339 3097 serrum

236 3122 277 3183 do
295 3131 326 3183 et
346 3120 452 3181 milites
470 3121 520 3202 qui
539 3120 571 3181 id
591 3132 681 3199 sgsnt
706 3120 861 3195 mittendo,
881 3131 945 3183 tum
963 3140 1089 3202 regnum
1106 3123 1171 3205 ejus
1193 3126 1339 3191 resmdo

101 3204 106 3213 ’
235 3224 267 3275 et
292 3213 455 3275 triremibus
475 3222 507 3274 et
534 3212 671 3273 militibus
690 3210 773 3274 eltis:
794 3213 923 3292 quodsi
941 3214 1113 3276 alterutrum
1138 3216 1338 3295 neglexerit'u,

235 3326 336 3367 vercor
347 3324 385 3366 ne
402 3306 483 3367 irritu
497 3306 535 3367 sit
547 3306 646 3367 futuru
657 3304 806 3385 expenso
816 3315 925 3367 vestre.
959 3307 1029 3370 Sire
1039 3308 1118 3369 euim
1131 3326 1235 3388 ugrum
1248 3331 1338 3375 suum

234 3398 353 3460 trobis
371 3398 456 3479 diripi
480 3400 636 3480 vexarique
654 3418 760 3479 passus
777 3401 841 3481 ipse
857 3400 973 3463 iuterim
993 3402 1157 3484 Olynthum
1178 3407 1339 3487 subegerit,

234 3490 320 3551 focile
343 3490 463 3552 domurn
487 3511 620 3553 reversus
640 3512 694 3553 sus
712 3492 868 3555 defendet:
889 3495 950 3556 sire
966 3495 1104 3575 presidis
1118 3520 1171 3562 vos
1192 3502 1340 3567 dunum

235 3580 400 3663 Olynthum
414 3584 558 3658 miseritis,
574 3586 677 3647 videns
694 3606 757 3647 rem
774 3587 853 3647 dorni
867 3588 899 3647 in
912 3596 980 3649 tuto
996 3608 1076 3665 esse,
1094 3593 1235 3656 uidebit
1245 3608 1277 3656 et
1290 3596 1338 3657 in-

233 3676 354 3735 cumbet
365 3676 503 3754 uegotiis,
516 3680 665 3758 superabit
679 3700 762 3741 mors
780 3679 901 3741 tundent
921 3681 1070 3747 obseres.
1110 3688 1229 3753 turdis
1247 3691 1338 3771 igitur

234 3777 266 3829 et
279 3786 390 3847 magne
402 3779 432 3827 et
443 3767 579 3847 bipertita
592 3792 659 3833 esse
674 3781 799 3854 oportet
842 3772 940 3834 Aede
953 3776 1068 3838 summo
1080 3779 1146 3841 hmo
1157 3792 1269 3845 sture.

275 3862 304 3919 8.
327 3858 417 3927 Quod
426 3862 733 3943 sutemedpecunium
742 3866 970 3945 comperandum
980 3869 1097 3945 attinet,
1105 3883 1163 3947 est,
1173 3876 1337 3939 Athenien.

232 3972 289 4025 ses,
308 3953 436 4031 pecunie
447 3954 539 4025 rubis,
554 3965 601 4015 est
613 3969 724 4034 quante
736 3957 857 4017 eliorum
871 3958 1036 4021 mortalium
1056 3965 1174 4039 nemini,
1187 3968 1337 4032 militetis:

234 4064 299 4105 eum
306 4064 376 4106 vero
386 4064 448 4119 ros,
458 4046 500 4105 sic
508 4056 542 4105 ut
549 4047 636 4107 vultis
639 4048 769 4128 ,cepitis
790 4050 887 4116 Quum
901 4051 926 4111 si
938 4051 1129 4119 militantibus
1142 4059 1338 4137 restitueritis,

233 4136 316 4197 nulls
333 4136 392 4198 ulis
404 4136 535 4217 pecunius
549 4141 756 4221 compsrsndm
767 4142 879 4203 tutione
891 4163 968 4223 opus
982 4148 1051 4209 erit:
1075 4148 1122 4211 sin
1134 4152 1243 4227 minus,
1260 4172 1337 4234 opus

233 4228 299 4301 erit,
307 4228 356 4288 vel
367 4228 451 4291 nulls
463 4230 559 4309 potius
570 4232 641 4293 satis
652 4232 708 4295 erit
720 4233 805 4295 retio-
844 4233 924 4301 Quid
936 4236 1120 4317 immusicus
1134 4242 1251 4324 uliquis,
1262 4255 1338 4309 tuns

233 4321 384 4381 decretum
405 4322 515 4399 scobis,
529 4334 564 4384 ut
584 4344 625 4405 es
635 4326 673 4387 sit
690 4326 844 4389 miliurist
868 4326 936 4389 Non
954 4350 1012 4412 ego
1033 4354 1086 4414 per
1098 4336 1214 4399 dorem.
1257 4337 1338 4401 Puto
1401 4389 1405 4398 .

233 4412 352 4494 quidem
360 4416 520 4479 exercitum
528 4420 773 4483 cumeribsndum
784 4442 860 4499 esse,
868 4411 899 4488 st'
905 4425 1061 4507 pecunism
1068 4444 1135 4495 ests
1142 4430 1252 4497 dobere
1259 4432 1338 4497 mili·
