2934 5000
266 322 327 381 ne
580 313 1061 421 conrusrnrocnsrnn.
1451 225 1457 433 Ι

154 512 160 519 -
212 488 218 498 ’
266 482 347 553 ptem
361 490 426 532 esse
447 490 552 531 narem
569 472 667 533 illem:
687 471 831 544 homines,
849 489 971 551 qnorum
990 469 1117 550 pecunia
1135 466 1235 541 luerit,
1257 454 1379 547 snppli-

262 583 372 627 casse:
393 564 554 624 decrevisse
574 584 637 637 vos,
651 584 718 623 eam
738 564 874 623 hostilem
887 563 1064 623 habendam.
1094 560 1170 621 Turn
1186 580 1242 621 ros
1264 560 1376 620 adno-

268 658 334 717 nuit
346 674 445 716 esrum
459 655 569 733 legum,
584 675 650 733 quoe
665 656 746 715 robis
761 655 846 713 lectos
860 654 987 725 luerunt,
1000 672 1124 733 quarum
1137 654 1270 724 decreto,
1281 652 1376 711 rebus

264 747 308 813 ad
329 766 396 805 curn
414 744 533 807 modum
548 744 765 817 administratis,
775 746 900 823 pecnnia
911 745 964 805 ills
976 744 1154 827 publicanda
1165 755 1258 805 esset.
1277 742 1375 801 Vide-

193 849 196 855 '
261 840 352 905 ,batur
378 858 464 915 equa
487 837 584 897 dicere
611 839 693 897 vobis
706 838 867 899 omnibus.
903 838 1066 898 Confestim
1091 838 1185 914 surgit
1207 836 1376 905 Androtio,

175 996 183 1011 ,
264 932 438 1002 ,Θίαυοεῑεε,
450 940 481 991 et
492 929 903 1009 Melampus—considerate
917 950 956 989 an
965 930 1190 1001 veredicum—7
1202 928 1374 1001 clamitant,
1453 952 1456 968 ·

266 1012 467 1101 indignantur,
481 1022 688 1093 conviciantur,
705 1012 859 1081 sbsoliunt
870 1022 1055 1093 trierarchos,
1070 1020 1126 1099 ipsi
1148 1040 1181 1079 se
1193 1020 1309 1080 habere
1327 1021 1374 1079 sa-

264 1110 377 1186 teirtur,
392 1114 481 1191 qureri
493 1114 645 1191 pecuniam
657 1112 736 1191 apud
751 1132 782 1171 se
795 1112 955 1192 postulant.
977 1113 1032 1173 His
1046 1112 1164 1178 auditis,
1181 1112 1234 1171 nbi
1247 1111 1373 1171 tandem

267 1206 316 1265 isti
336 1204 506 1264 tumultuari
530 1204 713 1275 destiterunt,
735 1205 907 1264 sententiam
928 1204 1002 1265 dlrit
1025 1204 1171 1263 Euctemo
1191 1224 1282 1282 quom
1309 1204 1374 1263 lieri

263 1308 366 1376 ‚potest
378 1297 584 1375 aequissimam,
599 1308 632 1356 ut
646 1317 663 1355 s
677 1296 841 1357 trierarchis
852 1316 907 1356 vos
926 1296 1092 1375 exigeretis,
1111 1308 1189 1356 etot
1207 1298 1255 1357 eis
1268 1297 1375 1357 liceret

165 1434 169 1450 ,
266 1408 383 1451 ornnem
394 1410 454 1449 rem
469 1408 532 1449 earn
549 1390 577 1447 in
592 1390 658 1449 illos
674 1392 724 1467 qui
736 1389 893 1469 &cuniam
907 1390 1049 1450 haberent
1058 1390 1232 1465 transferre,
1246 1393 1296 1451 sin
1310 1389 1373 1449 dis·

264 1484 413 1547 ‚sensionis
428 1482 538 1562 aliquid
552 1484 684 1551 oriretur,
704 1491 739 1540 ut
752 1482 898 1541 sententis
905 1482 1039 1561 judicum
1054 1482 1260 1551 istercederet,
1279 1492 1373 1560 atque

265 1587 301 1636 ut
318 1577 342 1635 is
356 1577 513 1654 quinctus
531 1585 620 1644 esset,
642 1574 763 1635 deberet
781 1575 892 1633 serario.
922 1574 1075 1638 Accusent
1086 1574 1238 1634 decretum
1254 1572 1295 1633 ad
1317 1594 1372 1633 ros

197 1660 204 1667 ¹
265 1668 421 1747 perlatum,
433 1680 467 1727 ut
479 1670 507 1727 in
519 1686 613 1745 pnuca
626 1687 686 1727 rem
700 1664 858 1737 conferam,
867 1667 962 1726 risum
972 1674 1017 1725 est
1027 1668 1189 1726 secundum
1202 1666 1289 1745 leges
1303 1686 1371 1727 esse

265 1762 630 1833 tactum,stabs01utum.
651 1760 720 1819 Jam
744 1758 804 1819 lieri
823 1760 895 1837 quid
913 1758 1089 1837 oportebat?
1110 1759 1299 1838 Reipublicoe
1319 1778 1370 1837 pe

264 1854 352 1915 cunia
374 1852 553 1912 restituenda
577 1861 649 1923 erat,
673 1863 704 1909 et
724 1850 877 1929 peculator
903 1850 1088 1930 puniendus;
1107 1850 1173 1928 lege
1192 1870 1267 1909 vero
1285 1851 1371 1909 nulla

263 1964 386 2025 prorsus
402 1944 445 2003 ad
457 1944 512 2001 lroc
525 1943 643 2021 quidem
658 1941 808 2019 negotium
827 1952 891 2001 eret
903 1964 988 2021 opus.
1009 1944 1164 2003 Hactenus
1180 1942 1267 2002 nulla
1287 1944 1370 2005 seen

264 2037 348 2097 robis
360 2046 408 2095 est
420 2056 439 2095 a
452 2018 618 2095 Tirirocrste
631 2035 750 2115 injuria:
770 2045 840 2114 post
852 2035 919 2095 hee
933 2055 1001 2095 vero
1014 2037 1045 2094 in
1059 2055 1093 2094 se
1106 2055 1197 2095 nnum
1211 2036 1330 2114 recepit
1339 2046 1370 2095 et
1445 2070 1450 2084 ·

142 2156 150 2165 ·
265 2128 413 2191 transtulit
434 2128 531 2187 omnia
544 2146 589 2197 es,
605 2148 671 2205 quse
686 2128 750 2206 jam
763 2139 991 2187 commemorata
1003 2137 1083 2198 sunt,
1102 2138 1137 2187 ot
1148 2127 1221 2186 nibil
1236 2146 1301 2205 qno
1315 2147 1369 2187 ros

263 2220 395 2291 laederet,
409 2219 544 2279 omisisse
558 2206 699 2278 videatur.
721 2219 811 2284 Quod
826 2218 904 2277 eninr
917 2218 1032 2277 illorum
1048 2220 1175 2279 artificiis
1187 2230 1219 2279 et
1229 2221 1370 2299 aucupiis

264 2332 298 2373 se
312 2311 540 2373 conducendum
553 2310 671 2383 locavit,
686 2300 908 2389 ministrumque
923 2312 1058 2389 prebuit,
1073 2313 1182 2391 seipse
1195 2330 1280 2371 reum
1293 2312 1369 2372 fecit

263 2405 378 2479 illarum
401 2404 580 2484 injuriarum,
605 2413 639 2462 ut
659 2422 715 2483 ego
735 2404 819 2462 robis
839 2402 994 2461 manifeste
1011 2406 1177 2464 ostendam.
1208 2404 1272 2463 Sed
1295 2417 1368 2465 ante

263 2498 361 2558 omnia
381 2517 502 2557 necesse
519 2507 575 2567 est,
597 2515 649 2556 ros
664 2496 820 2556 admonere
837 2505 1013 2575 temporum,
1033 2507 1065 2556 et
1086 2496 1149 2577 ejus
1168 2496 1286 2556 articuli
1306 2517 1367 2577 qno

263 2589 359 2668 legem
370 2589 453 2648 tulit:
474 2607 540 2648 narn
555 2589 638 2648 robis
653 2607 719 2647 eum
734 2588 895 2646 insolenter
905 2589 993 2646 etiarn
1006 2589 1175 2659 insultasse,
1188 2597 1222 2648 et
1233 2588 1366 2650 illusisse

261 2680 421 2740 constabit.
436 2679 504 2738 Fuit
515 2679 613 2738 Maius
624 2678 742 2749 mensis,
753 2698 813 2756 quo
821 2677 864 2737 illi
875 2680 912 2738 sb
923 2663 1103 2740 Euctenione
1109 2681 1224 2760 jndicio
1232 2685 1367 2761 superati

263 2784 343 2832 sunt.
372 2771 526 2831 Conducto
542 2779 638 2830 sutem
657 2771 726 2840 isto,
741 2790 808 2830 cum
828 2789 866 2829 ne
879 2771 1043 2850 cogitarent
1054 2773 1173 2852 quidem
1192 2773 1231 2832 de
1243 2767 1379 2836 satisfs·'

262 2861 366 2922 ciendo
379 2861 471 2932 vobis,
490 2863 678 2940 nugigerulos
700 2862 845 2940 quosdam
866 2863 897 2921 in
919 2863 1015 2922 sorurn
1035 2865 1219 2935 dimiserunt,
1239 2867 1294 2944 qui
1313 2888 1366 2927 ru·

262 2975 371 3016 morem
392 2963 574 3033 spargerent,
588 2963 703 3030 paratos
723 2973 775 3013 eos
790 2974 856 3013 esse
875 2955 1009 3034 simplam
1030 2957 1181 3034 pecunam
1196 2963 1366 3031 numerere,

263 3047 382 3126 duplant
398 3065 454 3104 non
466 3063 566 3121 posses
588 3043 644 3102 Hoe
658 3064 725 3104 vero
739 3045 852 3104 insidiis
866 3057 949 3106 erant
961 3066 1027 3105 curn
1038 3047 1174 3115 ludibrio,
1186 3058 1218 3107 et
1226 3050 1367 3110 machina

168 3155 171 3162 ’
263 3138 411 3218 qusedem,
428 3147 462 3194 ut
473 3136 586 3194 interim
601 3136 665 3195 heco
687 3136 746 3206 lex,
759 3137 930 3198 advertente
944 3139 1070 3210 nemine,
1090 3139 1277 3216 perferretur.
1312 3143 1365 3202 ld·

263 3249 320 3308 qne
335 3229 376 3288 its
389 3247 463 3298 esse,
478 3245 525 3286 res
539 3227 602 3306 ipss
621 3237 754 3287 testatur.
789 3227 927 3287 Pecunioe
940 3231 1018 3288 eninr
1033 3229 1095 3303 ,iltis
1109 3219 1294 3308 tenporibus
1306 3253 1366 3294 nec

262 3320 382 3380 obolum
395 3320 478 3380 robis
492 3330 689 3390 numerarunt,
703 3329 733 3378 et
746 3337 806 3378 nna
816 3317 882 3397 lege
893 3319 993 3397 plures
1002 3321 1066 3400 jam
1078 3332 1213 3400 receptas
1224 3321 1365 3385 lecerunt

250 3413 366 3482 irritas,
380 3431 472 3490 esque
486 3412 583 3490 legum
594 3411 732 3482 omnium,
747 3429 814 3489 qute
823 3429 955 3490 unquam
966 3412 1046 3490 opud
1055 3431 1107 3472 roa
1120 3413 1189 3472 lette
1203 3423 1287 3487 sunt,
1299 3425 1363 3476 tur·

262 3505 383 3584 pissime
396 3515 425 3564 et
438 3505 626 3582 iniquissima.
689 3498 695 3510 '
1453 3518 1454 3595 ᾗ

266 3637 271 3644 -
303 3595 332 3653 6.
354 3595 430 3653 Volo
450 3615 532 3666 sane,
545 3615 641 3674 peuce
663 3597 701 3658 de
715 3596 833 3656 usitatis
849 3595 964 3675 legibus
982 3597 1133 3677 prefatus,
1154 3597 1261 3678 anbns
1283 3600 1362 3661 tales

261 3685 392 3748 actiones
412 3685 527 3755 dantur,
556 3688 655 3748 statirn
677 3689 714 3747 tle
734 3689 801 3766 lege
821 3707 909 3766 quarn
930 3707 1049 3761 secuso,
1071 3675 1195 3750 dicere!
1210 3689 1267 3750 His
1279 3693 1362 3752 enirn

261 3775 341 3855 prius
356 3775 471 3846 auditis,
486 3775 597 3854 reliqua
607 3779 723 3838 facilius
735 3780 910 3858 percipietis.
943 3779 1077 3858 Habetis,
1093 3780 1301 3853 Athenienses,
1313 3803 1364 3842 re-

260 3871 353 3948 ceptis
367 3878 397 3930 et
409 3869 577 3947 approbetis
589 3871 692 3930 vestris
705 3873 830 3949 legibus,
845 3882 982 3931 accurate
995 3882 1026 3932 et
1041 3873 1193 3932 evidenter
1206 3874 1363 3952 descripto

260 3961 367 4032 omnis,
384 3981 450 4038 qure
470 3961 607 4020 facienda
627 3969 695 4020 sunt
720 3964 751 4020 in
773 3963 886 4042 legibus
906 3961 1029 4041 postlrsc
1054 3964 1281 4024 constituendis.
1312 3967 1363 4024 Ac

256 4053 380 4130 primurn
394 4052 533 4122 omniurn,
547 4061 661 4130 tempus
674 4051 846 4131 inscriptum
865 4065 922 4124 est,
939 4073 998 4132 qno
1011 4055 1107 4132 legem
1122 4055 1359 4133 lorrioporteat:

259 4143 377 4215 deinde,
391 4165 429 4204 ne
452 4145 623 4222 sicquidem
641 4145 797 4224 unicuique
816 4145 960 4224 quidlibet
977 4147 1109 4224 permisit
1127 4146 1288 4225 legislator,
1302 4149 1361 4208 sed

233 4271 236 4276 v
252 4235 339 4311 jubet
351 4245 499 4296 auctorent
515 4237 587 4315 legis
601 4255 665 4296 earn
681 4247 749 4298 ente
764 4237 1008 4298 stetussheronnr
1028 4237 1165 4316 scriptam
1183 4256 1359 4316 proponere,

259 4335 324 4382 ut‘s
344 4327 493 4401 quibusvis
514 4329 692 4389 considerari
714 4329 821 4406 possit:
844 4328 950 4389 deindo
971 4327 1036 4388 volt
1053 4329 1178 4398 eandem
1197 4329 1294 4407 legem
1314 4333 1360 4392 sd

258 4419 367 4475 ornnes*
379 4418 536 4496 pertinere:
561 4431 677 4500 postes,
696 4422 858 4483 contrarias
874 4422 1028 4502 abrogent
1057 4420 1186 4502 denique
1203 4423 1272 4507 slis,
1285 4441 1359 4500 qu
