2934 5000
459 237 746 314 Ιοιιιιιιιιιιιι
767 239 797 299 ιι
816 238 898 319 (ιιι).
1196 239 1234 298 ss

140 385 199 450 hoc
211 406 268 468 ego
282 387 353 450 ecio.
394 387 470 472 Nem
479 411 574 470 neque
582 393 613 454 in
621 391 785 473 praehomm
794 393 960 456 discrimine
969 411 1069 454 eorum
1079 391 1129 470 qui
1148 391 1233 470 tuge-

140 491 212 540 mint
219 481 341 559 quisque
348 482 532 562 semetipsum
544 485 671 557 mouent,
685 485 739 549 sed
752 485 869 558 docem,
881 475 1103 556 commilitones,
1115 481 1234 561 quosvis

140 570 267 650 denique
284 572 390 652 potius,
411 575 480 634 victi
495 584 674 640 sunttamen
688 585 807 656 propter
816 575 997 655 ningrdomm
1014 571 1099 634 simul
1110 571 1236 632 militum
1291 633 1295 641 ,

79 729 83 737 ,
140 661 242 741 tugen
253 661 382 726 'scilicetr
403 685 520 726 monem
532 667 639 746 quippe
652 677 768 746 poteret
778 669 804 728 is
814 668 865 746 qui
879 666 951 727 alios
965 675 1096 736 accusat,
1114 659 1235 742 quodsi

99 805 103 816 .
139 752 197 819 hoo
211 752 343 817 facerent
356 755 473 836 singuli,
486 757 632 819 vicissent.
660 758 709 820 Ita
716 779 795 820 nunc
802 777 863 819 non
873 758 981 820 suadet
987 756 1092 836 aliquis
1105 750 1235 835 optinui

139 854 245 924 surgat
257 845 331 906 alius
345 857 375 907 et
387 847 659 928 sentcntiarpdicet,
674 849 823 910 nonillum
841 850 1017 911 criminetur.
1056 846 1140 905 Alius
1155 845 1236 921 quis·

138 935 220 1014 piem
233 937 353 998 meliore
369 938 457 999 dicit‘l
477 958 514 998 ee
532 939 628 1012 tacite,
642 940 698 1000 diis
718 941 955 1020 approbantibus.
995 939 1037 998 Ar
1051 956 1089 1003 ets
1101 932 1238 1015 jucunde

139 1044 201 1087 non
212 1028 301 1088 sunt?
321 1028 403 1087 nulla
423 1029 487 1088 hssc
501 1028 625 1091 dicentis
646 1031 734 1110 culpe
755 1040 811 1103 est,
830 1032 888 1090 nisi
904 1040 1053 1091 mmvotn
1074 1036 1172 1088 essem
1191 1026 1236 1088 lc·

140 1117 246 1178 menda
258 1137 319 1178 non
333 1117 442 1178 lecerit.
473 1117 553 1178 Vols
566 1120 683 1198 quidem
692 1121 797 1192 iecere,
810 1120 842 1180 in
852 1141 945 1180 unum
956 1122 1061 1196 omniu,
1071 1129 1138 1199 quer
1151 1127 1236 1198 opte-

138 1207 186 1268 rit.
200 1209 314 1289 aliquis,
331 1210 412 1271 brevi
434 1210 631 1288 colligentem,
651 1211 738 1268 fenile
757 1221 814 1279 est,
827 1213 1040 1272 Athenienses:
1060 1223 1093 1272 at
1109 1211 1236 1288 optionem

138 1303 302 1376 emendum
315 1301 432 1380 eligere,
446 1321 514 1359 cum
526 1300 564 1360 de
578 1297 702 1376 negotiis
716 1298 895 1359 consultatio
906 1300 1074 1374 instituimur,
1083 1319 1234 1379 nouoque

139 1402 310 1472 promptum
322 1401 375 1463 est,
398 1391 452 1452 sed
464 1391 618 1450 utilissime
624 1387 856 1468 jucundissimis,
874 1391 901 1452 si
912 1401 1036 1470 utraqm
1055 1392 1170 1451 obtineri
1182 1409 1236 1452 ne·

139 1493 266 1562 queunt,
279 1492 351 1543 sunt
362 1481 552 1562 praeferenda.

184 1576 213 1633 7.
235 1574 277 1634 At
287 1574 312 1634 si
323 1574 390 1652 quie
400 1571 572 1632 theatralem
583 1573 739 1651 penum
749 1573 836 1634 nobis
845 1573 1006 1656 relinquere
1015 1575 1110 1655 possit
1119 1585 1152 1634 et
1163 1573 1238 1636 elios
1285 1599 1289 1610 ·

143 1673 278 1746 sumptus
292 1663 446 1726 ostendere
460 1662 606 1736 miltun,
619 1663 754 1724 nonneis
770 1665 885 1745 potiori
905 1665 1010 1727 dixerit
1026 1666 1139 1745 aliquis
1179 1666 1238 1726 Αι-
1358 1659 1368 1668 ’

141 1757 251 1820 sentior
263 1755 408 1836 equidem,
418 1755 445 1817 si
458 1755 524 1835 quis
537 1756 577 1814 sit
585 1756 632 1833 qui
642 1755 810 1836 lccseccrit,
826 1757 1022 1819 Athenienses
1033 1777 1043 1818 ι
1067 1757 1122 1818 sed
1139 1757 1238 1831 miror,

141 1869 181 1912 en
192 1851 328 1930 cuiqnam
339 1850 396 1910 hoc
409 1846 522 1910 homini
536 1856 589 1908 aut
600 1847 727 1911 evenerit
736 1857 790 1910 ent
801 1859 972 1921 erenmrmn
981 1851 1030 1923 eit,
1039 1869 1107 1911 cum
1120 1867 1159 1908 ee
1170 1867 1238 1926 qum

140 1941 231 2003 hebet
243 1940 274 2000 in
284 1960 331 2000 ree
346 1958 575 2020 supervacaneae
588 1938 787 2022 insumpserit,
796 1950 832 2002 ut
842 1941 878 2001 iis
890 1961 959 2021 quas
972 1960 1033 2002 non
1042 1938 1179 2002 hebeted
1191 1957 1238 2000 res

140 2031 471 2096 necessminsabundet.
512 2030 1239 2112 Sedmagnum,opinor,istiusmodiretionibnssl·

139 2129 202 2188 fert
213 2133 392 2186 momentum
404 2123 522 2202 propria
534 2123 676 2201 cujusque
688 2123 835 2196 voluntas,
855 2125 936 2184 unde
955 2125 1084 2184 omnium
1097 2133 1144 2184 est
1156 2121 1240 2182 lucil·

142 2218 248 2278 limum
262 2217 390 2295 seipsum
404 2213 555 2294 decipere:
576 2211 656 2295 quod
669 2213 748 2276 enim
759 2216 883 2294 quisque
893 2215 970 2287 volt,
983 2215 1015 2275 id
1026 2213 1240 2276 etiamsibidn·

142 2312 305 2400 gitrerum
320 2317 420 2370 autem
432 2317 537 2369 ustura
549 2307 890 2387 sepenumeroutinest
1254 2325 1258 2331 ’

182 2407 212 2464 8.
235 2402 391 2482 istaigitur
399 2403 441 2462 ita
449 2401 644 2474 considerate,
652 2400 1002 2474 Athenienscs,utetres
1010 2397 1240 2480 premuntur

142 2509 173 2559 et
182 2495 306 2560 militene
319 2493 451 2577 poteritis
459 2505 491 2556 et
504 2493 683 2575 stipendium
690 2491 848 2555 habebitis.
883 2491 953 2553 Non
967 2511 1040 2554 sene
1052 2488 1239 2571 prudentium

142 2608 242 2669 neque
251 2606 458 2667 generosorum
465 2585 615 2647 homiuum
624 2598 680 2660 eet,
689 2586 804 2647 omneis
811 2585 991 2665 obpecnnim
998 2583 1127 2664 mopiam
1135 2580 1240 2643 milita·
1302 2572 1305 2584 '

142 2682 224 2745 ribus
235 2678 337 2739 officiis
346 2677 514 2756 hujusmodi
523 2677 671 2740 dedecore
678 2676 764 2739 focile
771 2678 895 2758 perpeti,
902 2686 955 2737 eut
963 2685 1066 2739 contra
1072 2673 1239 2737 Corinthios

143 2771 263 2851 quidem
283 2778 314 2829 et
328 2768 521 2847 Megarenses
541 2772 663 2849 arreptis
684 2769 772 2841 annis
785 2769 941 2850 proficisci,
960 2768 1127 2850 Philippum
1141 2776 1241 2847 antem

145 2862 271 2925 Grecis
283 2860 415 2923 ciuitates
429 2858 488 2939 pati
511 2859 542 2919 iu
558 2861 725 2920 mimum
743 2860 877 2938 redigere
889 2869 1007 2938 propter
1017 2859 1145 2938 inopium
1159 2876 1239 2918 non-

143 2964 259 3017 meews
279 2972 338 3033 quo
361 2950 505 3013 mencines
524 2958 712 3011 sustentetur.
753 2950 852 3029 Atque
869 2948 936 3009 hesc
947 2968 1008 3009 non
1019 2959 1129 3017 temere
1140 2950 1240 3011 dicere

141 3047 265 3121 institui,
287 3055 322 3105 nt
340 3042 524 3123 quorundum
538 3061 556 3101 e
569 3042 655 3103 nobis
671 3040 772 3102 odium
790 3040 965 3120 smcipiamr
986 3059 1082 3119 neque
1100 3039 1178 3101 enim
1197 3040 1240 3102 ita

144 3140 268 3201 demens
282 3146 335 3196 eut
346 3135 450 3213 ingenii
461 3132 560 3195 inlelix
572 3152 630 3213 ego
639 3153 714 3207 sum,
723 3132 925 3193 utcumnnlla
942 3150 995 3211 spe
1008 3131 1110 3207 publici
1129 3131 1241 3192 frucms

143 3230 215 3293 mihi
228 3230 327 3290 odium
345 3244 491 3306 quntum:
514 3224 568 3287 sed
587 3226 657 3287 boni
674 3225 746 3285 ciris
767 3244 834 3286 esse
845 3224 924 3285 daco
936 3220 1102 3303 reipublice
1115 3223 1241 3295 salutem

147 3321 289 3385 orationis
303 3319 405 3401 gratim
415 3327 598 3399 anteponere.
638 3315 781 3395 Numqui
793 3315 937 3394 majorum
949 3323 1114 3384 nostrorum
1128 3322 1241 3395 tempo-

143 3417 223 3477 ribus
234 3413 339 3492 pellice
352 3410 501 3499 dicebaut,
514 3428 566 3474 eos
580 3407 679 3481 sudio,
693 3406 940 3511 quemadmodum
953 3405 1076 3475 fortusse
1088 3424 1140 3467 vos
1153 3406 1241 3469 etiem

143 3508 296 3601 accepistis,
310 3523 444 3585 quosque
457 3502 545 3563 etiem
558 3498 720 3580 omnesqui
733 3519 804 3559 seeo
817 3498 974 3559 conciones
987 3497 1095 3558 habeut
1108 3497 1241 3574 laudere,

143 3620 249 3685 perum
166 3618 332 3663 erumvero
347 3596 450 3657 imitari
471 3596 576 3667 solent,
589 3595 646 3654 heo
665 3590 780 3653 ratione
792 3602 824 3652 et
838 3590 916 3651 boc
908 3592 1039 3651 rustimto
1051 3591 1082 3649 in
1094 3592 1243 3671 republica

144 3692 277 3777 gerenda
289 3690 332 3752 uti
346 3690 458 3763 solitos,
478 3687 635 3761 Aristidem
648 3686 742 3759 illum,
755 3685 879 3758 Nicrem,
892 3704 960 3745 eum
973 3702 1024 3763 qur
1015 3683 1112 3744 idern
1127 3702 1243 3743 mecum

144 3804 254 3851 nomen
268 3781 380 3855 hebuit,
394 3790 421 3841 et
433 3780 586 3841 Periclem.
627 3778 672 3839 Ex
684 3797 742 3857 quo
755 3787 851 3837 ιιιιιιιι
863 3775 957 3837 exorti
971 3774 1113 3837 suntscui
1120 3774 1241 3833 letiore-

144 3886 225 3939 tures
238 3874 291 3955 qui
301 3893 363 3948 vor,
375 3871 445 3952 quid
455 3870 579 3952 cupitisl
591 3870 661 3949 quid
670 3870 814 3931 scribent
827 3888 888 3948 qua
900 3868 983 3929 vobis
998 3866 1028 3941 in
1041 3886 1073 3926 re
1088 3865 1241 3942 guntificari

145 3964 279 4070 pssimi
306 3963 497 4043 interrogent,
521 3962 671 4042 presentis
698 3962 800 4041 gratie
824 3980 909 4019 scura
931 3956 1097 4035 reipublice
1120 3958 1240 4036 negotis

146 4078 227 4139 quaer
221 4052 393 4136 propinate
402 4062 519 4133 pereum
531 4064 562 4113 et
574 4053 646 4113 talis
659 4052 805 4126 eveniunt,
824 4052 925 4131 itaque
937 4051 1059 4109 istorum
1075 4064 1121 4109 res
1137 4067 1240 4113 omnes

146 4150 287 4232 preclare
300 4167 332 4211 se
342 4147 577 4218 namucense
591 4146 722 4225 turpiter.

186 4239 329 4319 estqui
340 4236 530 4312 considerate,
545 4237 750 4309 Athenienses,
753 4256 830 4341 'quae
844 4234 942 4314 capite
953 4252 1051 4297 rerum
1069 4240 1101 4292 et
1116 4236 1239 4314 amajo·

143 4334 224 4397 ribus
237 4332 341 4395 restris
354 4342 384 4393 et
396 4350 415 4391 a
427 4330 510 4391 vobis
522 4338 670 4409 gesturum
684 4328 777 4406 quivis
791 4343 1022 4397 commemorare
1038 4324 1142 4413 possit.
1170 4326 1241 4388 lire·

685 4438 703 4477 r
