2934 5000
520 331 576 390 ns
598 329 778 411 cononis.
1145 333 1201 391 rso

159 491 208 548 45.
229 490 324 568 Atque
338 499 493 568 antequam
507 501 606 570 aperte
618 491 728 551 bellum
742 508 906 571 gereremus
918 487 1053 576 Philippo
1065 489 1196 548 auxiliari

116 582 254 640 nefarium
269 583 397 661 prolecto
412 582 475 656 suit,
489 602 508 642 o
521 594 599 643 terra
609 583 706 662 diique
715 584 905 644 immortales!
925 580 1106 661 quisnegetl
1126 601 1197 640 con·

117 683 161 732 trs
183 674 321 752 patriamz
342 675 394 734 sed
408 674 506 734 tamen
520 675 588 734 date
600 677 657 735 hoc
671 675 708 747 ei,
729 676 754 734 si
768 675 864 746 vultis,
878 672 955 734 date.
996 673 1104 732 Verum
1128 691 1195 732 curn

115 765 211 844 palam
221 766 283 846 jam
297 767 429 846 spoliata
438 787 527 826 naves
539 777 649 836 essent,
665 769 864 830 Chersonesus
877 775 1061 837 everteretur,
1075 768 1105 826 in
1120 765 1197 824 Ani·

115 875 180 916 cam
193 857 281 917 horno
294 859 349 918 iste
363 859 520 929 invaderet,
536 878 630 936 neque
645 861 707 939 jam
727 861 850 940 amplius
870 861 899 918 in
918 860 1007 918 dubio
1027 879 1073 918 res
1093 869 1201 929 essent,

116 949 170 1008 sed
185 951 293 1008 bellum
317 960 470 1022 exarserat,
488 950 558 1030 quid
580 969 708 1027 unquam
726 970 779 1029 pro
799 951 882 1010 vobis
903 951 995 1029 egerit
1018 947 1131 1008 invidus
1153 947 1203 1008 ille

115 1041 277 1101 iamborum
290 1043 488 1112 manducator,
501 1060 560 1102 nou
569 1050 667 1120 potest
679 1043 840 1112 ostendere,
854 1060 949 1119 neque
962 1051 1056 1101 exstat
1067 1040 1203 1120 plebisci-

116 1141 179 1191 tum
197 1134 290 1192 ullum
309 1152 402 1213 neque
423 1152 561 1213 magnum
583 1152 678 1210 neque
697 1151 818 1211 parvum
832 1133 912 1210 quod
925 1133 954 1190 in
967 1135 1037 1212 reip.
1050 1133 1202 1192 utilitatem

118 1225 272 1285 AEschines
292 1226 379 1285 fecit:
402 1226 447 1285 sin
461 1225 579 1303 aliquod
595 1244 651 1283 esse
665 1225 754 1298 dicat,
773 1229 833 1300 jam
857 1241 935 1282 nunc
957 1225 1093 1283 ostendat
1118 1225 1203 1286 meis·

117 1334 178 1393 que
195 1317 275 1375 horis
299 1325 408 1376 utatur.
458 1317 518 1377 Sed
544 1316 658 1376 nullum
683 1326 739 1374 est.
790 1315 880 1394 Atqui
907 1314 1073 1375 alterutrum
1105 1314 1203 1394 utique

116 1425 241 1466 neeesse
267 1416 314 1465 est
338 1407 394 1478 sel,
420 1407 557 1484 quoniam
585 1406 674 1466 iniis
698 1425 764 1485 qum
790 1425 808 1464 a
837 1425 886 1464 me
912 1415 997 1485 gesta
1032 1416 1099 1466 sunt
1135 1405 1204 1464 nihil

118 1507 233 1574 poterat
252 1497 470 1575 reprehendere,
492 1497 549 1556 alia
570 1498 657 1577 igitur
679 1517 745 1557 eum
764 1516 823 1556 non
850 1497 1021 1568 decreuisse,
1047 1496 1104 1567 rel,
1127 1496 1205 1573 quod

118 1587 247 1646 hostiurn
267 1589 427 1648 commodis
449 1589 587 1660 studeret,
608 1589 653 1648 liis
673 1590 794 1649 meliors
814 1588 843 1648 in
863 1587 990 1647 medium
1011 1587 1139 1667 prolerre
1153 1605 1206 1645 no·

117 1678 219 1738 luisse.
259 1679 376 1740 Nihilne
402 1679 489 1758 igitur
509 1679 633 1754 dicebat,
654 1681 764 1740 nihilne
784 1681 959 1741 decernebat
978 1680 1042 1751 iste,
1068 1698 1132 1738 cum
1154 1678 1206 1738 ali·

118 1771 220 1848 quain
240 1791 271 1829 re
291 1773 388 1831 noceri
401 1773 483 1832 vohis
495 1771 602 1830 licuit?
642 1772 736 1833 lmmo
749 1773 856 1831 nemini
876 1781 945 1830 tunc
965 1771 1012 1830 alii
1033 1771 1148 1832 dicendi
1162 1771 1205 1830 lo·

123 1871 261 1922 cnseret.

161 1957 211 2015 46.
232 1956 277 2012 Ac
290 1965 395 2013 caetera
409 1954 525 2031 quidem
547 1955 622 2012 lerre
647 1954 771 2012 sonasse
792 1964 907 2032 poteret
926 1957 1039 2027 civitas,
1051 1975 1143 2036 eaque
1157 1975 1207 2016 oc·

120 2045 201 2105 culte
215 2045 268 2103 iste
281 2045 434 2121 patrabat:
449 2061 539 2100 unum
548 2062 616 2100 vero
624 2045 818 2120 superioribus
828 2046 939 2104 lacinus
952 2045 1076 2119 addidit,
1087 2047 1208 2108 Atheni-

119 2155 218 2206 enses,
239 2132 393 2213 ejusmodi,
413 2132 493 2210 quod
514 2132 627 2190 coeteris
649 2134 781 2192 omnibus
799 2136 943 2212 festigium
967 2138 1147 2214 imponeret:
1170 2139 1207 2199 de

121 2247 184 2305 quo
196 2226 289 2284 multa
301 2243 372 2282 saue
384 2225 473 2281 verbs
489 2222 678 2300 consumpsit,
698 2243 766 2281 cum
784 2225 1032 2303 Amphisseusium
1054 2229 1208 2290 Locrorum

116 2317 342 2398 persequeretur
360 2314 487 2384 decreta,
511 2313 593 2390 quasi
613 2313 654 2371 rei
674 2313 823 2371 veritatem
847 2327 947 2391 posset
969 2318 1121 2377 invertere.
1171 2321 1207 2379 ld

119 2428 192 2470 vero
209 2427 269 2467 non
288 2407 330 2465 ita
344 2415 399 2464 est
440 2405 498 2472 Qui
518 2403 616 2463 enimi
636 2405 760 2463 multum
776 2417 854 2464 certe
868 2407 956 2466 abest.
1000 2408 1101 2486 Neque
1110 2421 1143 2469 tu
1156 2431 1210 2470 un-

120 2520 211 2581 quam
226 2518 325 2559 eorum
344 2517 410 2577 quse
430 2494 490 2555 illic
512 2495 680 2555 commisisti
699 2495 841 2556 maculam
856 2497 954 2558 elues:
976 2518 1121 2578 nunquam
1135 2502 1210 2563 adeo

121 2594 217 2654 multa
229 2592 318 2656 dices.
360 2590 498 2649 Ohtestor
510 2598 607 2648 sutem
617 2608 714 2647 coram
723 2588 815 2656 vobis,
829 2588 1034 2663 Athenienses,
1045 2592 1115 2651 deos
1125 2593 1210 2654 deas-

122 2705 182 2765 que
200 2686 357 2756 universos,
379 2683 428 2760 qni
446 2681 557 2759 regioni
570 2680 727 2760 president
746 2680 866 2751 Atticae,
880 2692 910 2740 et
923 2683 1086 2761 Apollinem
1110 2684 1211 2765 Pythi-

121 2798 185 2849 um,
198 2778 246 2857 qni
259 2786 306 2837 est
318 2776 386 2835 huic
398 2774 462 2833 urbi
475 2773 595 2853 patrius,
606 2792 762 2852 precorque
786 2774 824 2832 ab
844 2773 878 2833 iis
897 2774 1040 2845 omnibus,
1056 2776 1080 2835 si
1095 2777 1210 2855 quidem

122 2891 193 2931 vera
206 2870 283 2950 apud
298 2890 350 2928 sos
373 2868 474 2928 dixero
495 2876 527 2926 et
549 2865 609 2925 dixi
632 2877 693 2925 tum
717 2864 796 2944 apud
823 2866 973 2945 populum,
998 2886 1063 2925 cum
1085 2868 1210 2945 primum

123 2963 347 3042 impurissimum
371 2961 458 3019 istum
484 2959 561 3018 hanc
592 2976 654 3016 rem
686 2957 829 3035 attingere
856 2957 1210 3039 animadverti-cognovi

124 3056 203 3114 enim
223 3053 330 3124 stetim,
350 3048 680 3129 cognovi-felicitatem
700 3047 769 3107 mihi
790 3048 916 3109 tribuant
940 3067 974 3107 ac
1000 3048 1142 3110 salutem:
1169 3052 1213 3111 sin

122 3147 195 3207 odio
217 3144 328 3223 privato
352 3152 384 3200 et
409 3140 602 3200 contentionis
628 3139 726 3197 studio
753 3139 858 3199 ductus
885 3139 992 3199 crimen
1027 3140 1075 3199 isti
1105 3142 1211 3203 falsum

123 3239 259 3307 inferam,
277 3234 405 3295 omnium
429 3250 478 3291 me
502 3232 643 3290 honorum
670 3230 767 3289 fmctu
788 3232 911 3311 privent.
952 3231 1012 3289 Cur
1037 3229 1124 3309 igitur
1146 3232 1212 3291 hsec

123 3332 303 3407 imprecatus
317 3344 380 3386 sum
400 3334 452 3383 aut
465 3340 516 3381 cur
535 3332 595 3381 tem
608 3322 795 3382 vehementer
808 3322 963 3383 contendit
1003 3322 1088 3395 Quia,
1111 3343 1213 3402 quam·

123 3422 170 3481 vis
188 3431 218 3480 et
240 3418 353 3480 tabulas
373 3417 499 3477 habeam
518 3413 548 3472 iu
570 3412 713 3473 tabulario
737 3414 853 3492 publico
866 3414 1008 3483 conditas,
1031 3414 1135 3493 quihus
1148 3416 1213 3477 hsec

126 3521 299 3573 ostensurus
311 3529 374 3570 sum
382 3502 551 3577 manifeste,
566 3513 597 3564 et
617 3505 707 3564 sciam
724 3522 778 3563 vos
801 3524 846 3564 res
865 3514 962 3583 gestas
985 3509 1125 3567 memoria
1147 3511 1214 3569 reti-

125 3624 206 3673 nere,
229 3603 303 3663 illud
326 3613 426 3662 tamen
452 3615 563 3669 rereor,
590 3616 627 3656 ne
653 3597 708 3655 iste
732 3595 823 3656 levior
848 3596 1024 3657 existimetur
1048 3618 1136 3677 quarn
1164 3602 1213 3679 qui

126 3697 270 3756 malorum
295 3714 361 3773 quse
388 3690 514 3752 coniecit
540 3700 642 3748 auctor
672 3686 822 3751 exstiterit.
873 3688 960 3754 Quod
984 3701 1015 3750 et
1039 3702 1127 3752 antea
1152 3694 1214 3770 qui.

127 3788 195 3847 dem
214 3786 331 3858 accidit,
353 3802 420 3844 cum
439 3781 552 3840 miseris
577 3779 775 3840 Phocensihus
789 3780 1015 3841 internecionem
1027 3781 1213 3861 compararit,

124 3882 213 3941 ‘rebus
228 3879 309 3938 salsis
318 3878 376 3936 hnc
390 3872 574 3933 renuntiatis.

165 3974 216 4029 47.
238 3968 448 4048 Amphissense
462 3964 539 4025 enim
552 3963 671 4036 bellum,
683 3982 735 4041 per
744 3964 823 4042 quod
837 3964 867 4023 in
877 3963 1008 4024 Elatesm
1018 3963 1096 4022 venit
1105 3959 1215 4039 Philip-

126 4084 191 4143 pus,
213 4073 244 4122 et
263 4083 316 4141 per
335 4061 414 4140 quod
437 4057 683 4137 Amphictyonum
707 4055 767 4115 dux
790 4056 901 4115 electus
916 4067 977 4126 est,
998 4052 1077 4130 quod
1101 4051 1214 4111 univer-

127 4178 175 4217 sas
189 4156 357 4215 Graecorum
372 4172 418 4212 res
432 4150 583 4222 subvertit,
597 4148 645 4208 hic
659 4148 768 4226 estqui
786 4144 933 4216 excitavit,
947 4154 978 4205 et
996 4142 1122 4201 omnium
1136 4162 1213 4205 unus

125 4249 170 4308 vir
182 4247 428 4308 acerbissimorum
440 4254 544 4303 auctor
557 4241 669 4303 exstitit
680 4240 830 4301 malorum.
870 4238 1004 4327 Cumque
1015 4252 1071 4311 ego
1084 4232 1134 4294 illo
1142 4246 1214 4297 ten-

126 4360 197 4420 pore
209 4341 307 4399 statim
317 4345 438 4399 testarer
454 4346 486 4394 et
494 4334 650 4394 clamarem
669 4334 699 4390 in
720 4331 872 4397 concione,
888 4325 1037 4385 hellum
1058 4324 1097 4383 in
1118 4326 1216 4387 Atti.

127 4450 210 4493 cam
237 4432 403 4502 invehis,
425 4427 623 4496 AEschine,
646 4424 793 4485 bellum
816 4418 1216 4500 Amp'hictyonicum,
