2934 5000
505 223 686 288 CONTRA
706 225 880 290 molest.
1187 229 1246 288 315
1348 262 1351 269 ,

149 380 263 432 tentum
276 391 341 434 esse
352 377 541 452 eocusetoris,
550 387 585 440 ut
598 379 707 440 crimen
719 382 835 460 probet,
845 378 897 451 rei,
910 387 944 438 ut
956 377 1046 438 etinrn
1058 377 1244 458 deprecetur.

148 463 211 524 Sed
232 477 306 524 erun·
318 464 375 526 iste
398 477 469 544 tunc
488 481 519 529 et
536 469 654 549 judices
670 471 841 550 corruperit,
854 480 885 529 et
905 479 1060 549 propteree
1072 487 1146 529 rneoe
1159 459 1245 556 tpibui
1347 489 1353 500 ·

145 573 198 633 per
210 556 343 634 injurium
356 558 447 638 tripos
462 561 501 620 sit
509 575 636 644 ereptus,
648 571 737 640 etque
751 582 808 640 ego
822 581 881 621 non
890 561 986 621 modo
995 560 1175 630 verberibus,
1189 561 1243 621 sed

143 643 180 706 iis
193 647 281 708 etiem
294 652 478 711 contumeliis
489 653 544 712 sirn
558 654 692 725 effectus,
705 655 811 733 quilius
823 653 905 714 houd
925 653 987 714 scio
1003 672 1041 714 en
1054 653 1134 712 ullus
1146 654 1241 714 oedilis

141 753 283 817 nequem,
301 749 362 801 non
385 743 487 803 dubito
512 744 542 802 in
555 745 613 804 hoc
622 727 746 823 judicio,
756 747 838 824 quod
848 766 929 806 nunc
941 746 1072 826 deinum,
1084 733 1241 824 postquem

143 830 328 922 sdversarius
346 833 429 913 juste
446 835 647 915 indignatione
671 848 701 898 et
721 837 867 918 suffregn'is
889 838 990 919 populi
1009 837 1168 898 demontus
1184 847 1241 909 eet,
1312 827 1321 842 ⁸

46 971 56 986 .
142 927 245 997 subeo,
260 928 347 988 etiem
357 929 492 1007 precibus
503 929 557 990 uti.
598 931 676 992 Nem
690 931 786 992 sihoc
799 927 1240 1012 dicere‘liceetegonuncreus

143 1034 220 1088 sum,
234 1019 260 1078 ei
274 1039 333 1098 que
353 1020 443 1082 modo
465 1021 617 1084 celemites
637 1031 690 1096 est,
711 1021 823 1102 injuriis
843 1033 875 1086 et
893 1023 1076 1084 contumeliis
1099 1024 1241 1102 egilam

139 1125 202 1168 non
224 1127 311 1190 posse
334 1113 396 1173 uilo
418 1113 506 1174 modo
524 1114 574 1194 jus
598 1133 684 1177 soum
708 1115 844 1194 edipisci.
887 1113 950 1176 Oro
959 1114 1048 1193 igitur
1059 1133 1113 1177 ros
1126 1133 1239 1188 onnes,
1320 1177 1328 1183 ,
1383 1111 1390 1118 ’

133 1199 264 1280 judices,
290 1213 321 1263 et
343 1206 487 1285 supplico,
503 1206 629 1285 primum
651 1215 685 1266 nt
707 1225 756 1266 me
778 1205 1080 1285 dicentem'benigne
1101 1205 1238 1268 sedistis.

138 1293 267 1369 Deinde,
274 1297 303 1356 si
315 1296 482 1371 ostendero,
505 1298 630 1365 Midienr
650 1299 739 1360 istum
757 1317 819 1358 non
836 1297 908 1360 mihi
926 1307 1055 1382 tpntum,
1077 1297 1131 1358 sed
1151 1297 1237 1360 vobis

138 1385 239 1460 etiem,
251 1397 282 1447 et
294 1388 418 1468 legibus,
431 1399 462 1452 et
480 1392 586 1478 ceteris
607 1391 742 1452 omnibus
763 1390 981 1462 usulteueut
1001 1409 1069 1450 cunr
1089 1387 1161 1450 mihi
1172 1399 1237 1453 tuns

136 1476 354 1559 vobismetipsis
365 1500 452 1560 opem
466 1481 574 1544 feretis.
616 1483 666 1543 Sic
679 1484 758 1542 enim
770 1502 818 1543 res
837 1482 900 1542 fere
912 1481 1013 1555 hebet,
1027 1481 1236 1554 Athenienses,

136 1587 195 1648 ego
208 1571 469 1634 romeontumeliis
490 1572 625 1648 effectus,
645 1583 676 1633 et
698 1592 798 1653 rneurn
820 1591 927 1651 corpus
950 1583 1021 1633 tuno
1043 1569 1236 1652 ignominiose

126 1669 292 1722 trecentum
306 1674 360 1736 est,
381 1684 416 1724 ce
426 1683 495 1724 vero
509 1685 557 1724 ree
570 1664 600 1724 in
617 1665 730 1744 judicio
743 1673 875 1725 versetm
887 1683 967 1724 nunc
980 1675 1012 1724 et
1025 1664 1062 1725 de
1074 1650 1133 1724 lroc
1143 1672 1237 1724 certe-

135 1771 204 1818 uren
226 1762 282 1825 est,
306 1764 407 1814 utrum
423 1754 510 1816 licere
530 1755 640 1819 debeat
655 1754 825 1836 hujusmodi
843 1755 974 1818 minem
992 1755 1185 1828 committere,
1206 1766 1237 1814 et

135 1857 266 1906 vestrum
278 1847 439 1926 quemlibet
457 1849 576 1928 impune
589 1848 751 1928 exagitare,
764 1868 803 1909 en
822 1867 893 1908 non.
935 1848 1024 1917 Quod
1039 1847 1065 1908 si
1079 1848 1145 1928 quis
1159 1848 1234 1910 sorte

133 1947 265 1998 vestm
284 1939 427 2016 superiori
442 1949 573 2018 tempore
595 1959 713 2000 oensem
735 1940 814 2000 hanc
835 1958 901 2000 esse
913 1940 1056 2020 prirstnm
1069 1937 1194 2022 putavit,
1207 1939 1233 2000 is

133 2047 214 2088 nnnc
226 2027 360 2107 cogiteris
373 2047 438 2088 esse
459 2047 476 2087 e
494 2027 652 2107 republica,
672 2049 712 2090 no
735 2031 875 2116 cuiqunnr
892 2031 1050 2109 quicquam
1073 2031 1131 2091 tele
1151 2051 1233 2092 com-

133 2121 250 2182 mittere
263 2119 361 2192 lineet,
374 2117 416 2180 sic
428 2119 584 2204 eomultct,
597 2129 739 2198 tnnquem
760 2119 913 2199 publicum
931 2121 1040 2182 crimen
1062 2131 1177 2201 egetur,
1203 2133 1234 2184 et

131 2233 201 2294 qute
220 2212 274 2274 sibi
296 2211 457 2294 justissime
479 2212 667 2294 ridebuntur,
696 2231 734 2273 ee
755 2211 909 2272 decernet.
947 2211 986 2281 In
1011 2212 1112 2291 primis
1134 2224 1233 2276 eutem

130 2305 216 2367 robis
225 2306 273 2365 lex
285 2305 466 2377 recitabitur,
478 2323 537 2384 que
551 2303 635 2384 queri
647 2303 717 2364 licet
731 2303 812 2382 epod
825 2301 984 2384 populum:
1005 2302 1114 2365 deinde
1126 2323 1180 2365 res
1194 2303 1232 2368 de

131 2399 251 2480 reliquis
265 2399 351 2460 etiem
362 2398 467 2460 docem
477 2397 617 2462 conober.
658 2397 765 2470 Recito
775 2395 883 2477 legem.

635 2624 724 2686 LEX.

160 2791 457 2857 Msgirtrstnsooneicnssr
467 2794 569 2841 hsbsnto
584 2790 609 2839 in
619 2790 671 2839 nde
682 2790 770 2841 Beselri
781 2789 897 2854 postridie
908 2788 981 2854 prisii
989 2787 1125 2839 Jerisliu·
1158 2790 1189 2839 ΙΙ
1200 2804 1229 2839 es

127 2872 240 2943 metens
250 2868 348 2933 prim
359 2869 470 2919 nutris
481 2868 653 2931 modesto:
663 2873 724 2939 ¹post
733 2868 765 2916 de
775 2862 929 2940 quinceiis
947 2872 989 2914 sut
1003 2880 1097 2929 ponpa
1106 2879 1178 2913 murs
1188 2872 1229 2917 set

126 2955 225 3014 prepter
233 2944 304 3011 ludos
314 2944 472 2998 Beoolrmles
482 2944 657 3011 reprimique
668 2942 1002 2993 nordentrsnssotniuerint.
1210 2943 1214 2948 ’

169 3076 200 3131 4.
211 3071 293 3142 ‚Lex‚
307 3068 508 3139 Athenienses,
518 3084 577 3146 que
590 3066 707 3146 publice
719 3070 801 3146 queri
811 3066 894 3141 licet,
905 3067 972 3127 linc
983 3076 1042 3139 est,
1052 3084 1121 3145 ques
1130 3066 1228 3145 jubet,

125 3174 161 3225 ut
173 3160 336 3233 audivistis,
349 3160 450 3220 heberi
463 3158 635 3220 concionem
649 3159 680 3217 in
699 3158 765 3219 sede
789 3158 903 3220 Beechi
924 3167 996 3237 post
1014 3157 1150 3242 Jorielie.
1192 3160 1229 3223 lu

125 3260 358 3339 quapostquern
379 3250 518 3330 presides
542 3249 581 3310 de
599 3249 850 3311 administratione
862 3247 996 3329 proteris
1012 3240 1226 3328 responderint,
1278 3298 1282 3309 ,

86 3346 89 3353 ’
123 3348 213 3410 etiem
226 3344 339 3425 injurios
352 3345 383 3403 in
396 3344 474 3403 festo
487 3351 538 3403 aut
550 3340 608 3402 elio
626 3350 729 3401 contre
750 3342 831 3422 leges
847 3342 930 3402 secte
945 3338 1065 3402 unani
1086 3338 1225 3404 docent

124 3440 304 3502 Proeclerern
317 3436 479 3516 utilemque
501 3454 567 3496 esse
585 3432 773 3512 hencdegem
795 3432 862 3511 ipss
882 3451 931 3492 res
948 3430 1086 3525 ostendit,
1097 3430 1224 3496 Atheni.

124 3532 222 3595 enses.
265 3530 366 3596 Quum
384 3527 472 3601 enirn,
494 3536 576 3587 tento
593 3532 677 3585 metu
693 3524 891 3605 impendente,
906 3532 1006 3585 umen
1016 3524 1146 3604 protervi
1155 3525 1224 3603 qui.

123 3628 191 3687 dem
205 3624 360 3695 exsistant,
374 3620 443 3699 quid
466 3621 505 3681 eb
524 3620 582 3679 isto
605 3635 713 3698 genere
732 3614 884 3677 hominurn
900 3615 1136 3697 mmmm
1158 3616 1222 3691 effi,
1325 3610 1332 3616 .

122 3716 240 3778 sublato
252 3714 331 3775 omni
351 3711 474 3793 judicio,
492 3710 673 3791 periculique
693 3708 797 3769 metui
837 3709 1039 3789 legumvobis
1051 3708 1142 3769 etiem
1153 3722 1221 3768 seut

122 3798 219 3890 legem
235 3796 305 3887 ‘qun
322 3824 359 3865 ex
375 3802 476 3865 ordine
490 3803 639 3883 seqniture
660 3820 697 3863 ex
715 3820 775 3881 que
785 3800 968 3882 perspicietis
980 3811 1012 3861 er
1022 3800 1146 3861 eliorum
1158 3814 1222 3857 om·

120 3902 203 4052 nium¹
215 3898 321 3960 civium
330 3908 516 3979 vestramque
528 3894 744 3972 comoediam,
756 3903 789 3956 et
799 3893 885 3957 istius
896 3890 1114 3956 confidentium.
1156 3886 1219 3949 Re·

120 4004 179 4055 crte
204 4010 299 4073 egem.
346 4012 349 4019 ’
1058 4018 1061 4023 Δ
