2934 5000
519 926 545 940 -·
599 819 1037 970 numosuueurs
1091 862 1112 890 ²

423 1133 670 1219 contar
712 1069 1226 1250 sersuoorrounu

598 1324 785 1444 omnmo
809 1345 1048 1442 secunus.

314 1579 343 1636 1.
358 1576 641 1636 Anusroorrorranr
654 1578 743 1636 ismm
754 1575 861 1636 dcbm
874 1572 987 1645 erario,
999 1570 1135 1649 etcapite
1145 1567 1337 1637 diminutum,
1349 1578 1381 1628 et

272 1667 388 1747 legibus
406 1687 473 1728 esse
485 1667 674 1728 interdictum
686 1667 812 1727 natales
829 1665 962 1726 homines
979 1663 1138 1742 quicquam
1157 1679 1211 1739 pro
1230 1659 1379 1723 conciorue

154 1770 162 1788 ⁶
273 1758 383 1830 dicant,
396 1758 547 1818 evidenter
557 1768 710 1818 ostensum
727 1767 783 1826 est,
796 1758 932 1834 judiees:
952 1766 1022 1816 sunt
1034 1766 1133 1817 autem
1147 1773 1166 1814 n
1178 1751 1265 1816 vobis
1280 1751 1379 1830 repel-

270 1853 351 1912 lendi
363 1861 394 1911 et
407 1853 573 1921 coercendi,
585 1871 655 1911 cum
668 1871 771 1912 omnes
784 1852 882 1931 legum
895 1850 1131 1922 violamentum
1144 1853 1212 1910 'uero
1225 1848 1258 1910 iu
1274 1847 1377 1926 primis

270 1945 301 2018 ii,
315 1944 365 2023 qni
374 1945 546 2021 magistratu
556 1942 727 2021 funguntur,
737 1951 768 2003 et
780 1945 810 2002 in
821 1943 971 2022 republica
979 1950 1142 2002 venantum.
1161 1939 1288 2000 Perbos
1298 1941 1378 2001 enim
1457 1937 1458 1962 ¹

272 2034 458 2096 ctmaximas
472 2033 636 2113 respublica
653 2033 755 2095 clades
769 2035 883 2115 accipit,
897 2035 923 2094 si
936 2033 1004 2094 mab
1019 2033 1089 2105 sint,
1103 2042 1136 2093 et
1145 2031 1278 2092 riciasirn
1289 2034 1378 2112 jnra-

272 2137 321 2186 tur
338 2125 504 2205 plurimum,
529 2126 554 2183 si
568 2127 629 2185 sint
640 2127 709 2186 boni
721 2125 785 2198 viri,
798 2138 828 2186 et
839 2126 938 2204 legum
952 2124 1086 2186 studiosi.
1107 2123 1196 2195 Quod
1215 2124 1377 2201 sirempse·
1457 2177 1458 2180 ,

272 2218 382 2278 blicam
394 2219 625 2297 capessentibus
644 2217 737 2278 semel
752 2217 938 2297 permiseritis
958 2217 1067 2277 violare
1088 2216 1182 2294 leges,
1203 2225 1236 2274 et
1254 2225 1381 2294 recepta
1457 2231 1458 2294 i

233 2386 237 2394 ,
267 2314 336 2394 jura
350 2313 513 2392 despicere,
531 2330 654 2372 neccsse
672 2313 728 2372 erit
743 2311 905 2382 universos,
917 2310 968 2388 qui
988 2309 1153 2370 incivitate
1171 2307 1310 2387 degunt,¹
1321 2310 1379 2368 im·
1457 2317 1458 2384 ᾖ

272 2405 425 2486 probitatis
449 2424 549 2464 eorum
570 2423 673 2482 poenas
694 2402 849 2464 stutinere.
883 2402 927 2462 Ut
948 2401 1025 2462 enim
1048 2399 1236 2472 delictomm,
1254 2421 1326 2479 quea
1345 2403 1379 2464 in
1457 2409 1458 2488 Ῑ

273 2495 396 2557 neribus
416 2496 640 2557 committuntur
662 2494 752 2555 inter.
765 2493 975 2573 navigandum,
992 2495 1018 2573 si
1030 2494 1102 2573 quie
1122 2502 1280 2555 nautarum
1299 2493 1377 2555 deli-
1457 2489 1458 2555 l

272 2591 381 2671 querit,
393 2604 515 2668 partum
536 2599 583 2648 est
603 2588 754 2658 damnum,
775 2587 822 2647 sin
841 2586 1019 2665 gubernator
1040 2586 1185 2665 deceptus
1201 2585 1303 2661 fuerit,
1321 2598 1379 2647 sut
1457 2608 1458 2655 l

274 2680 424 2751 aberrarit,
452 2680 601 2740 communi
627 2678 793 2743 calamitate
819 2682 953 2738 vectores
978 2696 1080 2749 omnes
1108 2677 1246 2753 involvite
1270 2678 1377 2740 sicet

274 2772 453 2852 plebeiorum
466 2782 591 2851 peccate
603 2761 662 2832 non
674 2772 705 2831 ia
717 2772 827 2851 populi,
843 2771 896 2831 sed
909 2760 940 2830 in
954 2772 1082 2851 ipsorum
1094 2770 1238 2831 damnum
1248 2771 1375 2844 cedunt,

274 2863 328 2924 sed
349 2864 586 2942 magistratuum,
599 2873 632 2924 et
647 2862 859 2940 rempublicam
882 2862 1106 2940 gubernantium
1120 2872 1245 2941 peccata
1256 2862 1302 2921 ‚sd
1321 2882 1376 2923 ros

274 2956 425 3017 universos
443 2954 600 3034 pertinent
638 2954 824 3033 Quapropter
837 2965 870 3014 et
882 2955 952 3014 Solo
965 2955 1086 3033 plebeiis
1100 2955 1195 3029 tarda,
1217 2956 1375 3034 magistr&

273 3048 410 3107 tibus-et
426 3048 527 3125 populi
549 3047 791 3125 gubernatoribus
808 3048 922 3107 velocia
943 3046 1085 3126 supplicia
1099 3036 1267 3111 constituit:
1293 3048 1376 3125 quod
1457 3072 1458 3109 2

274 3138 470 3211 existimabat,
483 3137 522 3197 de
534 3137 590 3197 illis
603 3138 707 3216 quovis
721 3147 856 3217 tempore
872 3139 948 3197 sumi
961 3158 1048 3217 posse
1060 3156 1177 3216 prenae,
1192 3138 1246 3197 hos
1261 3158 1375 3209 moram
1457 3142 1458 3211 ζ

273 3231 392 3293 tdtionis
403 3247 468 3310 non
476 3231 641 3291 admittere.
665 3218 817 3311 Oppressit
828 3230 1121 3309 enimlibertate,qui
1136 3250 1241 3310 peenas
1257 3242 1375 3312 repetat
1457 3230 1458 3283 l

274 3324 498 3387 ioreneminem.
968 3350 970 3355 ·
1370 3371 1372 3379 ἰ
1457 3388 1458 3395 ¹

279 3460 284 3467 -
313 3422 344 3477 2.
362 3420 465 3497 Atque
477 3418 543 3477 lroec
554 3416 687 3478 instimta
698 3418 897 3501 nentoitaest
909 3372 1373 3499 velimpudenmvelvestrdion·

271 3520 408 3588 temptor,
421 3509 472 3586 qui
485 3507 617 3568 refellere
629 3508 747 3578 audeat
761 3518 865 3586 praeter
883 3509 1121 3587 Aristogitonem,
1138 3510 1252 3587 et'ajus
1272 3510 1368 3571 auda-
1457 3564 1458 3569 ,

273 3602 395 3662 damet
407 3600 630 3677 improbitatem.
652 3601 766 3661 Omnes
780 3601 858 3660 enim
871 3600 1071 3679 magistratus,
1083 3600 1225 3661 et'clsroe
1234 3603 1265 3661 in
1284 3622 1374 3682 repn-

271 3690 351 3754 blica
370 3690 445 3749 viros
460 3691 651 3764 inveniemus,
665 3694 690 3751 si
703 3692 775 3770 quid
786 3692 919 3753 semela
935 3688 1025 3752 robis.
1033 3692 1258 3771 pronunciatum
1274 3693 1305 3752 in
1318 3714 1372 3772 eos
1417 3727 1419 3730 ·

181 3782 189 3791 ’
272 3785 371 3856 luerit,
384 3793 480 3842 ratum
492 3782 641 3843 habuisse.
671 3785 748 3844 Nam
763 3794 793 3843 et
806 3785 830 3843 ai
845 3784 950 3863 quibus
965 3786 1121 3865 abrogatur
1138 3786 1375 3863 magistratus,ii

272 3878 373 3941 statim
396 3875 550 3955 deponunt
568 3895 683 3946 munus,
699 3886 730 3935 et
751 3895 874 3936 coronas
889 3876 1042 3936 amittunt:
1069 3886 1099 3936 et
1113 3876 1200 3955 siqui
1217 3896 1233 3935 e
1249 3878 1373 3938 servitis

273 3976 305 4033 in
318 3971 506 4048 Areopagum
524 3986 584 4027 non
598 3967 798 4041 admittuntur,
813 3970 922 4028 omissa
935 3969 1081 4039 uiolentia,
1095 3968 1189 4047 nequis
1204 3969 1308 4029 aniona
1322 3990 1374 4030 re-

274 4057 337 4124 'stra
349 4061 380 4119 in
394 4059 559 4140 cognitione
573 4059 773 4136 acquiescunt.
818 4060 860 4119 Et
873 4061 939 4121 haec
953 4062 1056 4121 merito
1068 4060 1190 4120 faciunt.
1220 4060 1372 4129 Quemad-

274 4152 393 4214 modum
414 4152 503 4223 enim,
518 4171 586 4212 cum
606 4151 636 4211 in
649 4152 821 4229 magistratu
836 4164 914 4222 sunt,
929 4172 947 4211 a
966 4152 1086 4233 plebeiis
1100 4150 1294 4212 obedientiam
1317 4155 1373 4213 sibi

274 4244 375 4305 deberi
387 4237 519 4313 censent,
534 4242 636 4305 eodem
661 4244 792 4304 modoet
812 4244 867 4323 ipsi
885 4245 1019 4324 deposito
1040 4246 1223 4323 magistratu,
1245 4245 1373 4325 legibus,

274 4336 443 4415 reipublicae
456 4335 708 4410 moderatricibns,
718 4335 785 4414 jure
806 4337 1016 4414 obsequuntur.
1059 4336 1208 4396 Preterea
1224 4338 1274 4417 qui
1296 4358 1372 4397 rem-

275 4428 422 4507 publicam
434 4428 675 4489 administrarunt
687 4420 805 4502 omnes,
817 4430 842 4490 si
855 4448 872 4487 e
887 4427 1024 4489 memoria
1035 4428 1189 4491 vetustatis
1200 4428 1280 4491 iacto
1289 4430 1371 4492 initio
