2934 5000
449 297 673 359 ADVERSUS
692 297 920 358 tumultu.
1076 357 1087 366 .
1173 291 1232 356 tot

7 453 9 488 ;
134 447 194 538 bus
203 447 349 520 dedimus
364 461 427 510 tum
449 471 566 532 equum
588 455 680 517 fuisse
692 454 831 534 judiosri,
845 471 917 514 osm-
934 469 1022 512 uemo
1035 451 1147 512 existis
1160 429 1250 512 oon-¹
1271 472 1305 503 π
1380 447 1385 463 '

6 549 10 582 ¹
106 588 111 598 .
133 540 269 602 traditis:
289 543 397 604 deiude
408 562 479 606 uero
491 545 598 606 missos
613 565 664 607 eos
679 548 753 618 fieri,
767 546 824 606 uisi
846 547 884 606 ab
907 545 943 604 iis
956 543 1057 604 affecti
1078 545 1142 604 sitis
1164 552 1250 623 post·

6 655 7 660 ¹
104 657 109 688 t
132 632 246 710 injuris.
288 635 416 704 Quodsi
429 637 478 698 isti
491 640 696 706 affirmobuut3
718 639 920 700 demonstrare
933 654 1062 714 namque
1073 655 1134 696 non
1147 645 1232 716 pote·

131 732 216 782 runt:
237 724 295 790 boc
309 727 474 806 requiritur,
485 739 518 788 ut
535 731 719 802 ostendatur,
732 749 787 790 eos
806 749 876 790 mox
890 728 1025 790 admissis
1038 727 1154 788 delictis
1167 745 1231 805 poe·

129 831 186 874 uss
200 814 328 878 dedisse.
369 817 402 875 Si
423 837 502 890 vero,
526 819 578 878 tali
598 839 629 879 re
652 819 737 880 nulla
754 821 877 900 prolata,
900 821 998 898 legem
1021 818 1230 898 approbabitis,
1318 859 1322 867 -

130 905 299 983 opinionem
325 907 453 970 afferetis
472 908 650 982 hominibus,
663 931 717 972 vos
730 933 789 972 nou
803 914 842 972 ob
856 913 946 984 ullum
960 911 1111 984 delictum,
1125 909 1180 970 sed
1187 929 1230 970 ex

129 997 237 1063 invidis
261 999 459 1062 immunitates
480 1004 645 1064 sustulisse.
697 1005 893 1064 Cum-autem
916 1005 1032 1082 probru,
1054 1001 1237 1079 utbreviter

130 1091 238 1164 diosus,
251 1093 393 1174 fugiende
406 1107 475 1156 sunt
488 1097 603 1156 omnia:
625 1105 687 1156 tuns
700 1092 758 1156 hoc
772 1097 895 1156 maxime
913 1095 1054 1165 omnium,
1068 1093 1230 1152 Athenien·

129 1203 188 1244 sss.
230 1184 348 1253 Queref
391 1188 469 1257 Quis
489 1188 598 1248 inuidia
612 1187 731 1248 omnino
743 1188 879 1266 pravitati
892 1196 1005 1246 naturoe
1015 1185 1159 1254 tribuitur,
1174 1203 1230 1244 neo

128 1275 191 1338 ulla
203 1296 294 1338 carus
306 1289 362 1350 est,
374 1282 412 1339 ob
427 1298 514 1357 qusru
530 1279 646 1340 invidus
658 1279 774 1340 venium
789 1287 943 1338 mereatur.
984 1276 1102 1335 Deinde
1115 1276 1229 1336 nullum

129 1367 231 1429 ¹vitium
245 1381 301 1440 est,
320 1389 339 1428 a
358 1390 417 1448 quo
439 1383 538 1430 nostra
557 1371 626 1429 urbs
644 1381 704 1430 tam
726 1371 823 1429 aliena
846 1369 989 1437 videatur,
1009 1378 1042 1424 ut
1055 1368 1094 1425 sb
1107 1366 1227 1438 invidis,

129 1460 264 1536 quanvis
277 1462 315 1519 ab
328 1462 406 1518 omni
420 1461 477 1519 ulia
491 1462 671 1539 turpitudine
686 1461 849 1520 abhorreat.
892 1459 984 1534 Cujus
997 1458 1040 1517 rei
1052 1467 1161 1535 quanta
1171 1459 1232 1517 sint

130 1559 312 1627 arguments,
326 1550 441 1612 videte!
483 1551 610 1610 Primum
621 1553 677 1610 soli
687 1573 722 1610 ex
734 1554 870 1610 universo
881 1567 988 1628 genere
998 1549 1163 1608 mortalium
1177 1567 1229 1608 eos

128 1642 179 1719 qui
193 1659 245 1720 pro
256 1642 347 1718 patris
357 1641 387 1700 iu
401 1641 485 1702 bellis
492 1629 656 1704 occubuere
666 1643 796 1722 sepelitis
805 1643 973 1720 publice,ac
983 1640 1153 1702 funebribus
1164 1659 1229 1700 ora·

127 1733 253 1796 tionibus
262 1733 378 1792 ‚ornatis
387 1733 466 1794 fucta
476 1733 592 1792 fortium
606 1734 743 1792 vitonum.
765 1731 831 1792 Hoc
842 1750 911 1792 uero
919 1730 1063 1811 ejusmodi
1077 1741 1133 1802 est,
1141 1741 1175 1790 ut
1183 1732 1228 1790 iu·
1242 1771 1249 1783 ·

126 1823 205 1884 dicet
214 1822 415 1900 homines,qui
430 1826 563 1884 virtutem
576 1825 809 1902 magnifaciant,
820 1842 879 1883 non
887 1823 937 1902 qui
947 1823 1063 1884 virtutis
1069 1822 1228 1887 honoribus

126 1915 284 1980 invideant.
326 1915 444 1976 Deinde
466 1917 504 1976 ab
525 1918 608 1984 omni,
619 1935 682 1975 uero
694 1916 840 1978 maximos
852 1916 977 1976 honores
990 1915 1104 1976 bebetis
1114 1915 1230 1976 victori·

125 2009 182 2067 bus
196 2008 613 2084 gymnicorumoertsminum‚
634 2008 664 2066 in
686 2008 792 2085 quibus
812 2024 930 2068 eoronoe
951 2007 1038 2067 tribui
1059 2007 1175 2075 solent;
1197 2016 1228 2071 st

126 2115 185 2156 nou
198 2107 365 2176 propterea,
378 2097 447 2175 quis
461 2107 567 2156 natura
587 2097 645 2156 fert
663 2108 748 2157 uteo
761 2098 871 2158 bonore
884 2099 972 2177 pauci
985 2099 1145 2176 potiantur,
1159 2117 1226 2160 eum

85 2215 98 2222 ·
126 2187 295 2251 felicitatem
306 2188 421 2266 adeptis
434 2188 579 2260 invidetis,
594 2207 690 2267 neque
708 2189 837 2248 honores
855 2189 1024 2248 diminuitis.
1067 2189 1179 2249 Prister
1191 2207 1227 2250 es

125 2299 193 2358 quas
207 2279 345 2350 diximus,
359 2299 446 2338 nemo
461 2278 575 2338 videtur
589 2299 719 2358 uuquam
738 2290 865 2338 vestram
877 2281 980 2340 urbem
992 2280 1098 2339 uicisse
1115 2281 1227 2340 benefl-

126 2365 243 2436 oenda:
266 2379 349 2431 ιιιιιιιι
363 2382 411 2431 est
424 2371 488 2450 ejus
502 2372 531 2440 io
546 2370 760 2431 remunerando
773 2370 941 2442 liberalitas,
953 2381 986 2430 et
998 2371 1226 2448 magnificentia.

58 2467 63 2483 “
126 2463 204 2524 Sunt
216 2471 315 2529 autem
329 2462 395 2525 heo
410 2464 555 2535 uniuersa,
569 2461 771 2534 Athenienses,
782 2462 915 2541 justitias,
930 2461 1056 2533 virtutis,
1075 2460 1227 2539 magnani-

123 2556 233 2628 mitatis
243 2554 361 2615 indicis.
404 2555 451 2616 Ns
461 2556 548 2634 igitur
561 2572 598 2614 es
610 2574 689 2613 nuno
710 2553 816 2625 tollite,
829 2564 946 2633 propter
958 2573 1026 2631 quse
1039 2563 1140 2612 nostra
1154 2554 1225 2613 urbs

124 2648 258 2715 omnibus
273 2647 390 2710 sreoulis
405 2645 552 2707 celebrata
565 2658 611 2705 est
621 2670 629 2715 ς
641 2664 708 2718 neo,
722 2656 757 2705 ut
765 2646 907 2727 Leptines
920 2645 1053 2726 privatim
1065 2645 1225 2719 nonnullis,

124 2738 373 2819 quibusvinfsnsus
384 2749 438 2809 est,
450 2738 581 2823 insultet,
595 2738 767 2817 praeclaram
779 2738 1032 2809 existimationem,
1047 2756 1107 2815 qua
1121 2756 1223 2816 perpe·

123 2842 175 2891 tuo
188 2830 324 2891 floruistis
337 2830 469 2911 objicits!
491 2828 597 2908 Neque
611 2829 774 2907 existimate
788 2830 875 2891 sliam
889 2850 949 2889 rem
963 2832 1012 2908 agi
1030 2848 1119 2899 nunc,
1134 2848 1223 2907 quam

119 2924 295 3001 dignitatem
309 2932 340 2981 et
351 2922 594 2993 existimationem
609 2921 745 2995 civitatis,
766 2933 947 2983 utrum'eam
969 2930 1172 2985 conservatam
1194 2930 1225 2980 et

123 3015 212 3095 priori
223 3013 346 3073 similem
359 3032 424 3073 esse
439 3024 583 3092 oporteat,
597 3034 635 3073 sn
649 3034 717 3073 vero
731 3014 870 3075 abolitam
883 3024 914 3075 et
926 3013 1108 3072 imminutum
1120 3018 1127 3069 l

165 3108 214 3164 31.
237 3104 314 3163 Cum
326 3115 424 3163 sutem
435 3104 528 3163 mults
541 3104 598 3162 sint
617 3106 646 3163 in
661 3105 717 3163 huc
731 3104 798 3182 lege
810 3126 877 3183 quse
890 3106 920 3163 iu
935 3105 1056 3183 Leptine
1067 3104 1138 3162 mira
1152 3104 1222 3163 mihi
1258 3170 1264 3175 ⁴
1327 3150 1334 3169 ,

122 3196 286 3267 ¹uideuntur,
299 3213 389 3253 unum
409 3194 465 3253 hoo
486 3196 611 3253 maxime
626 3214 689 3253 sum
703 3196 844 3253 miratus:
865 3215 902 3254 su
916 3195 1066 3271 ignorarit,
1081 3195 1222 3271 quemad·

121 3287 242 3349 modun
254 3286 279 3347 is
293 3286 343 3364 qui
356 3284 551 3344 atrocissimas
562 3306 665 3365 poenas
685 3287 849 3346 malefactis
873 3285 1031 3355 constituit,
1044 3284 1114 3341 nihil
1132 3287 1220 3346 male·

119 3382 261 3443 fecturus.
278 3398 349 3437 ,esse
373 3378 497 3449 videtur,
519 3377 562 3436 sic
587 3398 664 3449 eurn,
686 3380 736 3455 qui
759 3378 965 3455 beneficiorum
985 3376 1112 3435 honores
1135 3379 1221 3455 tollit,

119 3493 181 3537 non
196 3492 232 3533 eo
245 3471 343 3531 auimo
354 3490 422 3531 esse
435 3468 567 3543 oredi,ut
580 3470 932 3547 reipublicoebeuefscere
945 3468 1071 3529 studeat.
1112 3469 1220 3531 Utrum

120 3566 211 3645 igitur
233 3563 292 3624 hoo
316 3560 570 3639 ignorarit—lieri
592 3560 669 3619 enim
691 3571 840 3639 potest—,
862 3580 930 3621 mox
954 3562 1090 3623 ostendet
1097 3581 1106 3629 ;
1137 3565 1220 3624 robis

119 3660 199 3732 ,enim
214 3656 320 3729 tollere
330 3654 473 3739 concedet
485 3654 526 3726 id,
541 3654 569 3713 in
584 3673 644 3731 quo
658 3654 720 3733 ipse
734 3654 876 3733 deceptus
897 3646 969 3713 fuit:
990 3652 1036 3712 sin
1056 3674 1117 3713 rem
1131 3674 1219 3733 urge·

120 3753 174 3824 bit,
196 3761 227 3811 et
249 3748 329 3810 omui
352 3748 384 3821 ιι
404 3748 435 3807 in
457 3747 553 3826 legem
578 3746 782 3807 stabiliendam
808 3746 966 3819 incumbet,
988 3767 1045 3825 ego
1071 3767 1142 3805 sune
1168 3746 1219 3822 qui

120 3862 187 3910 sum
200 3841 326 3907 ,laudem
340 3857 400 3899 non
419 3838 546 3911 invenio,
556 3839 716 3916 vituperare
730 3849 828 3913 autem
850 3838 930 3898 nolo.
972 3839 1019 3897 Ne
1038 3840 1126 3915 igitur
1142 3855 1218 3915 ¹con·

55 3939 59 3948 '
119 3934 256 4007 tenderis,
268 3930 399 4011 Leptine,
414 3949 510 4009 neque
523 3929 663 3991 violenter
686 3931 842 4008 quicquam
862 3930 921 3989 tale
943 3930 1121 4007 constituere
1135 3927 1218 3999 velis,
1263 3958 1265 3964 ι

120 4043 181 4107 'quo
201 4046 256 4087 neo
273 4025 336 4095 tibi,
349 4042 406 4083 neo
428 4023 471 4083 eis
493 4022 544 4101 qui
567 4022 620 4081 tibi
640 4022 799 4102 paruerint,
812 4021 924 4083 virtutis
948 4030 978 4079 et
995 4018 1131 4079 bonitatis
1155 4019 1217 4097 opi·

27 4128 32 4139 '
116 4120 171 4180 nio
193 4117 365 4197 augebitur:
385 4114 544 4194 presertim
565 4132 632 4173 cum
655 4132 692 4173 ox
718 4114 775 4173 hoc
797 4112 910 4190 judicio
931 4108 1002 4168 nihil
1026 4108 1078 4169 u'bi
1097 4108 1219 4186 periculi

117 4208 312 4279 muniendum
325 4208 378 4285 sit„
415 4208 493 4275 Quis
516 4207 594 4271 euim
616 4204 792 4285 Bethippus,
806 4200 1006 4281 Apbepsionis
1030 4208 1124 4281 pater,
1137 4200 1218 4284 obiit,

115 4298 278 4381 ouiistum
298 4300 393 4379 sdlurc
406 4299 579 4361 obnoxium
602 4308 765 4375 ueoussrat,
792 4294 923 4370 exierunt
943 4292 1045 4370 judicii
1068 4301 1216 4374 tempora:

115 4394 306 4470 1ιιιιιιιιιιιιιιιιι
318 4401 366 4453 est
378 4390 419 4453 de
429 4391 496 4471 lege
508 4389 677 4469 disputatio,
691 4387 740 4447 isti
753 4403 822 4465 uero
835 4382 956 4463 periculi
974 4382 1044 4445 nihil
1061 4394 1115 4445 ert.
1150 4385 1217 4470 :⁸⁹5¹
