2934 5000
255 343 317 403 486
637 341 682 446 ἸΝ
704 335 910 404 APHOBUM
933 333 973 450 ιΙΙ,

256 463 261 495 ¹
298 499 328 553 3.
352 493 480 555 Faciunt
499 501 598 554 autem
620 494 751 554 omnium
780 493 997 564 absurdissime,
1017 488 1067 569 qni
1091 489 1203 561 dicant,
1225 491 1364 550 uetuisse

255 589 368 665 patrem
382 605 422 646 ne
431 585 538 646 domus
550 586 705 656 locaretur,
714 598 747 644 ct
760 583 875 644 tabulas
886 594 999 654 tamen,
1008 579 1089 640 unde
1102 581 1143 641 rei
1154 581 1265 666 veritas
1274 591 1362 640 certo

257 676 398 756 cognosci
421 686 533 756 posset,
546 695 691 755 nusquam
704 675 855 755 proferant
863 695 872 742 ;
897 694 933 734 ac
946 681 1061 754 putent,
1076 673 1193 738 subluto
1206 683 1295 732 tanto
1314 683 1361 756 te-

257 767 405 842 arimonio,
420 787 452 828 se
465 780 525 828 tam
538 767 627 828 facile
640 763 729 826 tidem
740 766 819 847 apud
833 786 885 826 vos
895 767 1073 826 inventuros.
1102 763 1280 828 Aduocaudi
1295 765 1361 842 qid-

215 935 221 946 ·
257 861 325 920 dem
336 879 407 920 mox
418 870 488 940 post
509 861 623 920 obitum
635 859 728 938 patris
748 868 839 923 testes
860 857 989 918 fuissent
1011 856 1188 935 complures,
1209 873 1228 914 a
1249 855 1359 932 quibus

257 951 436 1033 consignari
449 960 658 1013 testamentum
680 950 828 1028 juberent,
853 959 897 1022 ut,
917 948 1033 1027 siquid
1052 949 1128 1008 forte
1148 947 1360 1007 controversiae

258 1043 434 1116 oriretur,ud
443 1043 518 1102 illud
523 1043 664 1121 scriptum
671 1041 960 1114 recurri,etomnium
968 1059 1065 1100 rernm
1070 1040 1176 1099 veritas
1182 1039 1272 1118 plane
1278 1037 1360 1097 inre-

257 1134 313 1193 uiri
322 1145 433 1213 posset.
476 1134 569 1194 Nunc
581 1134 641 1193 alia
653 1131 1003 1212 quoedemconaignanda
1013 1141 1201 1202 censuerunt,
1212 1129 1362 1207 inquibus

257 1223 353 1284 multa
363 1223 402 1284 de
414 1223 524 1284 relictis
535 1223 639 1303 opibus
652 1221 792 1300 inscripta
804 1241 865 1281 non
879 1222 1008 1292 inerunt,
1022 1220 1103 1280 nudo
1115 1220 1265 1280 duntaxat
1275 1239 1359 1280 com-

258 1315 419 1375 mentaria:
444 1315 542 1392 ipsum
555 1332 624 1375 vero
636 1322 856 1384 testamentum,
871 1312 900 1370 in
913 1311 994 1390 quod
1014 1322 1098 1390 puter
1111 1321 1142 1372 et
1154 1331 1192 1372 ea
1204 1331 1362 1372 commen·

257 1406 331 1467 turia
339 1405 490 1476 retulerat,
503 1415 535 1464 et
542 1403 688 1483 reliquam
701 1403 857 1483 pecuniam
866 1421 993 1471 omnem,
1006 1421 1072 1480 qnoe
1081 1402 1150 1464 fidei
1159 1421 1264 1462 eorum
1273 1422 1359 1462 man·

259 1500 394 1570 dabatur,
409 1508 441 1558 ct
450 1517 502 1576 per
515 1497 595 1576 quod
605 1516 665 1556 non
678 1495 803 1556 elocutos
817 1497 922 1554 domus
937 1494 1016 1554 omni
1026 1493 1146 1554 crimine
1153 1494 1360 1563 liberarentur,

197 1594 201 1606 “
259 1590 291 1649 id
312 1590 431 1649 demum
444 1607 541 1666 neque
561 1588 785 1665 consignarunt,
802 1604 899 1664 nsque
918 1585 1113 1664 protulerunt.
1154 1583 1211 1644 Est
1230 1605 1304 1645 vcro
1314 1586 1361 1644 eis
1451 1619 1452 1658 3

258 1680 451 1756 credendum,
464 1678 603 1759 quicquid
611 1678 650 1738 de
660 1677 743 1738 hisce
753 1677 889 1737 dixerint.
914 1677 1056 1755 Egorero
1068 1675 1140 1754 quid
1149 1677 1232 1736 istud
1237 1677 1288 1749 sit,
1301 1697 1361 1737 nou
1451 1755 1452 1758 Ἴ

258 1775 403 1854 intelligo.
428 1774 500 1834 Non
514 1772 629 1832 sinebat
642 1771 741 1832 locare
756 1770 885 1841 domum,
900 1788 994 1846 neque
1015 1769 1113 1848 palam
1125 1769 1258 1847 proferre
1270 1789 1361 1848 pecu-

260 1867 445 1946 niam-pater.
471 1866 617 1926 Utrumne
629 1863 712 1934 mihi,
725 1881 765 1939 an
778 1880 848 1922 vero
862 1859 996 1920 civitati?
1017 1859 1081 1919 lmo
1095 1871 1214 1920 constat
1227 1879 1282 1920 uos
1305 1861 1361 1920 rei-

259 1958 331 2036 pub.
343 1957 424 2016 iilam
437 1947 692 2034 protulisse„mihi
701 1971 771 2012 roro
784 1953 901 2031 penitus
910 1951 1114 2022 abscondisse,
1124 1971 1159 2012 ac
1167 1973 1207 2012 ue
1216 1972 1284 2012 eam
1294 1955 1361 2032 qui·

260 2050 328 2108 dem
342 2048 521 2119 declarasse,
541 2045 580 2105 de
594 2046 681 2125 cujus
694 2045 887 2106 estimatione
902 2044 1012 2104 tributa
1028 2043 1219 2123 pependistis.
1263 2046 1361 2124 Agite,

222 2136 228 2149 '
260 2136 407 2200 ostendite
423 2139 491 2198 istm
503 2138 599 2216 copim
611 2157 679 2216 quoe
697 2137 817 2210 fuerint,
837 2147 926 2216 atque
940 2137 990 2196 ubi
1002 2148 1034 2196 et
1046 2155 1107 2215 quo
1120 2146 1266 2216 praescnte
1287 2137 1361 2199 mihi
1451 2195 1452 2200 ,

260 2233 321 2292 sint
340 2231 467 2292 traditus.
512 2229 593 2290 Nam
612 2230 671 2290 duo
692 2229 812 2309 quidem
836 2231 959 2302 talenta,
982 2238 1013 2289 et
1032 2231 1183 2309 octoginta
1203 2230 1307 2301 minas,
1322 2231 1362 2290 de

260 2335 386 2404 quatuor
399 2324 526 2397 talentis,
540 2334 571 2383 et
582 2325 676 2383 tribus
689 2323 894 2383 drachmarum
903 2321 1032 2382 millibus
1042 2320 1209 2400 accepistis:
1229 2321 1361 2382 Proinde

261 2437 359 2496 neqne
372 2417 445 2476 istas
458 2435 524 2476 mea
536 2434 629 2476 causa
641 2417 753 2494 reipub.
768 2409 946 2486 contulistis,
963 2433 1031 2474 cum
1044 2409 1102 2473 iilis
1116 2413 1294 2493 temporibus
1308 2435 1360 2474 ve·
1451 2463 1452 2474 ,

199 2556 204 2570 .
261 2519 331 2571 atres
344 2518 453 2581 essent.
494 2501 590 2587 arqui
612 2526 649 2567 eu
668 2508 784 2567 edibus
807 2518 838 2567 et
857 2506 1078 2586 quatuordecim
1091 2507 1242 2586 mancipiis
1260 2527 1295 2566 ac
1308 2508 1360 2565 tri-
1451 2540 1452 2589 ss

160 2664 166 2677 ,
261 2602 344 2680 ginta
352 2601 450 2672 minis,
463 2619 530 2679 quoe
540 2598 610 2658 mihi
620 2598 795 2677 tradidistis,
803 2618 863 2659 non
871 2600 932 2659 fieri
943 2608 1084 2679 potestut
1091 2606 1206 2659 tentum
1217 2600 1359 2661 monum

262 2694 302 2753 sit
317 2702 512 2765 numeramur,
532 2700 676 2771 quantum
688 2710 742 2751 vos
757 2687 786 2751 in
800 2692 926 2777 classem
945 2691 1121 2752 contulistis.
1161 2692 1224 2752 Sed
1239 2694 1358 2753 omuino

261 2804 385 2846 necesse
397 2795 445 2845 est
458 2783 501 2843 uti
523 2784 706 2862 relictaque
718 2794 798 2854 sunt,
813 2784 857 2843 his
872 2784 961 2862 longe
982 2784 1100 2863 majora,
1121 2784 1298 2863 ipsicmnia
1314 2798 1358 2845 te·
1451 2826 1452 2835 η

260 2879 355 2937 neatis
362 2897 375 2936 :.
392 2888 424 2936 et
440 2888 538 2937 tamen
558 2894 627 2935 cum
639 2894 659 2934 a
672 2876 754 2935 vobis
768 2896 804 2936 ea
818 2876 933 2956 direpta
945 2895 1010 2935 esse
1023 2876 1118 2954 palum
1136 2878 1358 2948 convincamini,

260 2967 331 3027 talia
343 2967 525 3026 comminisci
540 2966 665 3026 audetis.
701 2968 889 3046 Atquealius
902 2967 1020 3047 culpem
1034 2968 1109 3027 alius
1129 2968 1161 3026 in
1180 2969 1273 3029 alium
1292 2972 1357 3051 reji-
1451 2974 1452 3041 i

215 3140 219 3146 Ι
261 3058 347 3118 citis:
368 3076 468 3117 rursus
481 3057 633 3146 accepisse
642 3077 694 3117 vos
701 3059 807 3119 vestris
816 3060 988 3120 testimoniis
1001 3059 1076 3119 alius
1087 3058 1176 3119 alium
1186 3064 1359 3141 coarguitis.
1451 3084 1452 3087 ¹

262 3150 340 3209 Cum
352 3169 405 3209 vos
427 3150 578 3229 accepisse
596 3149 691 3211 multa
708 3152 834 3231 negetis,
852 3151 1022 3229 magnorum
1041 3157 1212 3232 sumptuum
1230 3156 1361 3215 rationes

261 3241 411 3302 retulistis.
439 3240 516 3301 Cum
529 3240 654 3301 tutelam
667 3244 861 3303 communiter
875 3242 1025 3321 Quaeritis
1043 3262 1156 3315 ornnes,
1175 3264 1255 3303 nunc
1268 3266 1363 3323 pecn-

172 3358 175 3367 ·
261 3334 346 3394 liaris
371 3331 478 3413 singuli
497 3330 609 3413 effugia
628 3334 769 3410 quaeritis.
805 3335 881 3393 Cum
901 3344 1108 3395 testamentum
1128 3336 1364 3409 aboleveri'ris,e

263 3444 323 3504 quo
336 3425 428 3485 totius
441 3424 554 3503 negotii
566 3424 672 3483 veritos
689 3424 829 3503 cognosci
844 3426 998 3505 potuisset,
1011 3445 1163 3506 nunquam
1176 3440 1281 3487 vestroe
1295 3416 1364 3489 ora·
1398 3428 1405 3437 “

262 3516 359 3575 tiones
372 3516 448 3576 inter
462 3533 529 3575 sese
543 3516 733 3575 conveniunt.
769 3515 896 3577 Proinde
913 3518 1081 3577 testimonia
1093 3519 1200 3597 profer,
1222 3528 1312 3597 atque
1323 3510 1366 3582 ¹en

263 3607 365 3665 ordine
386 3606 433 3665 his
456 3606 524 3684 iege
547 3609 655 3677 omnia,
679 3617 835 3667 uteorum
856 3609 942 3667 etiam
965 3628 1032 3685 qnos
1049 3608 1222 3669 testimoniis
1236 3613 1367 3691 probata

264 3697 374 3760 fuerint
386 3716 543 3771 memores,
554 3700 723 3760 accuratius
737 3699 775 3759 de
785 3708 849 3759 toto
863 3700 984 3778 negotio
992 3700 1162 3761 decernant.

674 3918 948 3991 TESTIMONIA.

268 4069 399 4131 Tantum
417 4071 465 4133 isti
485 4066 551 4131 mea
571 4090 661 4132 causa
683 4071 782 4131 tributi
795 4073 922 4133 'nominc
944 4072 1156 4134 conserendum
1174 4090 1367 4147 censuerunt,

265 4173 407 4239 qnantum
429 4164 455 4223 ri
474 4182 569 4223 meum
590 4162 795 4243 patrimonium
809 4164 978 4241 quindecim
1000 4166 1142 4226 talentum
1155 4166 1270 4241 fuisset,
1293 4169 1368 4230 mihi

267 4273 335 4313 vero
348 4255 404 4334 ipsi
417 4266 475 4316 tres
488 4276 525 4315 ne
539 4256 728 4336 septuaginta
740 4254 859 4334 quidem
874 4256 1016 4317 minarum
1031 4258 1234 4337 patrimonium
1245 4260 1367 4320 restitu-

265 4356 360 4405 erunt.
401 4347 480 4426 iege
493 4348 653 4426 sequentia.
1083 4354 1086 4361 '
