2934 5000
242 313 300 370 tlt
657 303 719 369 -DE
742 301 924 371 CORONA.

246 467 310 549 ejus
333 466 499 526 institutum
520 457 725 544 reprehendat,
745 455 802 524 scd
823 453 970 522 fortunam
997 459 1142 538 vituperet
1163 475 1231 535 quse
1254 455 1356 520 talem

243 577 423 621 essentum
436 565 573 618 eventum
586 557 697 618 voluit:
719 575 779 618 uon
800 553 915 616 medius
927 552 1015 612 lidius
1038 571 1057 611 ιι
1076 549 1244 630 reipublice
1266 570 1357 611 com·

250 651 346 711 modis
359 646 533 718 dsscisome
547 665 669 726 seseque
687 647 860 708 adversariis
882 643 1016 704 mmoeda
1029 640 1281 714 locato,·bostium
1292 661 1357 720 po-

248 743 310 822 tius
321 761 409 821 quam
430 741 531 819 patria
548 740 728 819 temporibus
748 739 904 805 inservire-3
927 755 986 796 uon
1004 753 1071 796 eum
1096 735 1148 813 qui
1170 733 1355 796 testivitate

201 863 206 868 ·
251 832 356 911 dignas
369 842 401 892 et
411 830 508 892 dicere
520 840 552 890 et
564 831 721 892 decernere
730 849 821 890 ausus
833 829 929 900 fucrit,
940 837 972 888 et
984 829 1014 888 in
1027 827 1137 888 iisdem
1153 835 1273 886 strerme
1283 842 1356 903 per·

250 924 364 998 stiterit,
376 912 549 996 obtrectare,
562 941 659 1002 neque
673 924 696 983 si
709 923 859 1003 priuatim
870 919 1029 1000 abaliquo
1053 919 1143 978 lusus
1167 919 1214 988 sit,
1229 917 1290 977 boc
1302 935 1353 974 re-

203 1019 207 1030 '
249 1014 365 1076 cordari
377 1025 409 1075 at
420 1013 561 1074 memoria
572 1013 739 1082 custodirs;
761 1032 821 1073 uon
836 1011 966 1091 denique
975 1011 1066 1071 otium
1081 1027 1169 1088 agere
1182 1005 1306 1067 infidum
1320 1016 1359 1066 et

247 1106 431 1179 insidiosum,
443 1106 653 1185 quodtuiacis
666 1123 878 1186 sepenumero.

290 1201 342 1258 st.
363 1199 421 1259 Est
431 1198 520 1271 enim,
533 1207 582 1259 ιιι
590 1197 708 1278 aliquod
721 1197 813 1260 otium
823 1199 937 1278 justum
950 1213 986 1256 sc
996 1193 1069 1254 uule
1078 1193 1258 1274 reipublice
1267 1190 1354 1270 quod

250 1307 303 1350 roa
314 1289 486 1396 plerique
460 1307 540 1350 erres
553 1289 723 1369 simpliciter
737 1288 953 1369 amplectimini.
981 1285 1042 1347 Sed
1054 1304 1115 1345 non
1128 1284 1201 1344 hoc'
1193 1293 1248 1344 ute
1257 1283 1354 1342 ouum
1377 1353 1382 1359 ι

250 1379 328 1460 agit,
332 1382 404 1462 quin
416 1382 542 1448 muitum
554 1383 649 1451 abest,
657 1401 759 1442 verum
770 1380 944 1447 subtrahens
954 1377 1152 1458 sequando'
1127 1395 1154 1435 cr
1167 1376 1264 1434 visum
1270 1385 1326 1433 est
1333 1391 1363 1444 a

248 1461 1356 1554 republica-arepeautemvisumest-observatquotemporevostatietsu

249 1565 362 1645 ceperit
373 1568 496 1628 oratoris
504 1566 620 1626 assidue
629 1565 766 1637 dicentis,
779 1573 830 1624 aut
842 1563 956 1624 adversi
969 1561 1078 1639 aliquid
1090 1579 1109 1619 s
1122 1559 1239 1617 fortuna
1249 1569 1354 1616 marta·

250 1657 298 1729 rit,
307 1667 361 1716 aut
370 1656 489 1716 abunde
502 1657 652 1736 quippiam
662 1657 773 1717 tristius
787 1653 1047 1716 evenerit-multi
1067 1661 1164 1708 sutem
1183 1649 1354 1724 hujusmodi

250 1748 307 1808 iert
314 1749 431 1806 rita-t
447 1745 555 1805 deiude
567 1747 624 1805 boc
634 1749 699 1825 ipso
708 1759 839 1826 tempore
851 1755 948 1804 orator
960 1765 998 1804 ex
1007 1743 1066 1803 otio
1077 1753 1196 1820 repente
1209 1745 1353 1817 tauquam

252 1839 339 1898 turbo
351 1839 488 1905 couritur,
502 1845 543 1908 et,
557 1839 716 1896 exercitata
724 1857 798 1898 voce
812 1845 842 1895 et
857 1835 953 1895 verbis
964 1853 1000 1895 sc
1010 1834 1175 1894 nominibus
1188 1833 1353 1909 congeritis,

251 1926 399 1988 olareista
410 1927 791 2005 unoqueapiriur'concinit,
804 1947 871 2006 quse
888 1947 984 2005 neque
997 1927 1152 2001 utilitatem
1166 1923 1291 2002 aliquam
1302 1923 1352 1983 se-

249 2021 518 2098 mutuoqueboase
525 2019 698 2098 cujusquam
709 2017 1352 2091 reiirnctum,sedcontracalamitstemcui·

249 2111 385 2172 libetcivi
397 2109 498 2188 reique
508 2110 633 2188 publice
646 2111 777 2172 dedecus
790 2111 948 2188 important.
971 2111 1061 2189 Atqui
1074 2109 1157 2170 istius
1169 2120 1351 2170 commentu-

250 2203 339 2264 u'onis
346 2213 378 2264 et
387 2202 487 2274 studii,
494 2200 671 2276 Eschioqsi
679 2203 797 2282 quidem
807 2204 844 2263 ab
856 2204 951 2262 ιιιιιιο
961 2203 1075 2282 integro
1080 2204 1188 2282 quique
1195 2200 1351 2262 natitatem

249 2293 353 2374 patrie
365 2295 421 2355 sibi
429 2296 608 2378 propositam
621 2294 730 2356 habeat
743 2306 919 2366 nasceretur,
929 2293 1043 2356 fructus
1058 2313 1217 2376 generosos
1231 2303 1262 2352 et
1274 2313 1350 2372 prm-

251 2387 346 2448 clsros
359 2387 554 2466 omnibusque
567 2388 655 2449 utiles
668 2407 734 2449 esse
743 2391 906 2468 oportebat,
917 2388 1071 2449 societater
1081 2387 1207 2467 urbium,
1220 2384 1352 2445 subsidia

250 2481 452 2561 pecuniamm,
475 2489 657 2541 mercatuum
677 2490 847 2554 stmcturas,
867 2481 967 2585 legum
986 2480 1100 2541 utilium
1120 2451 1257 2551 lotiones,
1281 2495 1349 2537 oum

249 2572 358 2652 apertis
370 2572 441 2649 reip
458 2589 581 2630 rmmrcts
591 2582 745 2658 susceptas
760 2566 973 2633 contentionsi.
1016 2572 1092 2631 Haec
1112 2570 1191 2631 enim
1211 2570 1350 2650 superiori

250 2674 339 2722 astate
348 2662 453 2740 dispici
466 2660 611 2733 solebant,
625 2660 766 2741 deditque
780 2664 959 2743 praeteritum
973 2672 1087 2769 tempus
1099 2664 1155 2725 cim
1147 2662 1248 2723 bono
1261 2671 1349 2741 atque

249 2753 377 2813 honesto
390 2751 499 2811 multas
512 2751 672 2814 voluntatis
683 2774 746 2813 sure
756 2753 942 2817 declarandus
965 2756 1132 2816 occasiones
1134 2754 1264 2834 ‚quibus
1279 2774 1350 2815 nur·

249 2861 340 2922 quam
351 2854 385 2902 tu
397 2844 548 2922 reponeris
562 2844 741 2915 interfuisse,
757 2866 816 2907 non
838 2848 958 2925 primus,
972 2867 1032 2908 non
1045 2847 1204 2919 secundus,
1218 2865 1277 2905 nou
1290 2857 1349 2907 ter·

249 2934 317 3006 tius,
330 2952 391 3022 non
401 2943 536 3011 quartus,
549 2953 610 2995 non
622 2936 754 3013 quintus,
768 2958 828 2997 nou
841 2948 954 3009 sextus,
969 2958 1026 2999 non
1039 2951 1276 3016 quotuscunque,
1289 2956 1349 3007 nou

249 3024 370 3117 inquam
383 3043 451 3085 cum
462 3025 533 3095 inde
544 3026 640 3105 patria
652 3038 740 3088 suctu
753 3036 843 3088 essct.
885 3030 961 3095 Quas
970 3030 1047 3089 euim
1056 3030 1182 3095 societas
1190 3039 1219 3089 te
1229 3038 1348 3089 auctore

249 3117 360 3177 civitati
372 3127 552 3209 ¹comparatu
571 3116 641 3177 esti
660 3120 741 3198 quod
756 3120 905 3194 auxilium,
920 3140 988 3200 ιιιι
1001 3118 1208 3181 benevolentia
1221 3118 1349 3198 gloriere

248 3209 366 3292 partul-
377 3228 446 3289 qum
457 3218 510 3269 tua
522 3208 656 3289 legatio?
675 3230 743 3289 quse
765 3214 940 3291 procuratio,
958 3232 1009 3293 per
1028 3232 1116 3293 quam
1133 3212 1205 3291 reip.
1221 3210 1348 3289 dignitas

248 3313 409 3383 propagata
419 3301 477 3361 siti
497 3320 563 3381 quse
576 3321 623 3363 res
636 3300 809 3377 domestica,
823 3324 890 3383 quse
905 3304 1081 3367 Graecanica
1102 3316 1133 3365 et
1157 3314 1288 3375 externa,
1301 3304 1348 3363 cui

248 3402 281 3451 tu
305 3394 465 3481 profueris,
486 3404 652 3475 tuaopera
675 3407 809 3457 correcta
828 3396 898 3457 esti
918 3416 985 3477 quas
1007 3396 1158 3457 triremes?
1179 3412 1246 3476 quse
1266 3394 1348 3455 tela?

248 3502 316 3563 quas
340 3484 475 3545 navatus
495 3506 562 3564 quse
583 3506 731 3548 murorum
752 3488 929 3549 instructio?
955 3490 1006 3567 qui
1024 3486 1194 3568 equitatus?
1215 3504 1276 3566 qua
1292 3486 1348 3546 de·

248 3575 338 3654 nique
359 3576 391 3634 in
417 3594 450 3635 re
472 3587 502 3636 te
529 3580 629 3639 utilem
653 3581 827 3660 prebuisti?
852 3584 932 3661 quod
953 3582 1000 3641 vel
1022 3580 1161 3641 divitibus
1179 3577 1347 3657 relegeris

177 3687 181 3694 ·
245 3667 333 3729 ciuile
356 3676 389 3727 et
409 3666 686 3748 amicumpecunioe
709 3670 873 3732 subsidium
896 3674 948 3733 abs
968 3684 998 3733 ts
1016 3672 1173 3753 prouenit?
1214 3669 1348 3731 Nullum.

247 3758 311 3819 Sed
321 3758 407 3833 heus,
425 3760 529 3838 inquiet
547 3760 656 3837 aliquo,
676 3763 702 3821 si
720 3763 792 3824 nihil
809 3762 922 3837 borum,
938 3775 970 3825 st
991 3776 1070 3825 certe
1093 3760 1298 3827 benevolentis
1318 3769 1349 3819 et

248 3850 388 3912 studium.
430 3848 510 3911 Ubit
529 3852 674 3929 quando?
702 3855 763 3931 qui,
785 3872 804 3913 o
825 3856 954 3939 omnium
981 3856 1129 3916 hominum
1160 3852 1347 3932 iniquissime,

246 3962 314 4004 cum
334 3944 432 4019 ceteri
452 3942 620 4021 quicunque
643 3962 771 4023 unquam
785 3945 823 4004 de
838 3956 975 4025 suggesto
990 3948 1078 4031 verba
1091 3948 1233 4015 lecerunt,
1249 3942 1288 4001 ud
1301 3960 1347 4001 sa-

247 4034 340 4095 lutem
363 4034 510 4113 publicam
530 4035 756 4107 contribuerunt,
780 4044 811 4095 et
834 4046 983 4117 postremo
996 4037 1180 4098 Aristonicus
1193 4034 1346 4117 pecuniam

246 4123 398 4203 diguitatis
416 4125 625 4204 recuperande
636 4126 741 4205 ‘gratia
762 4137 896 4189 coactsm
920 4130 1079 4209 &under-et,
1102 4149 1139 4188 ne
1152 4138 1216 4189 tum
1229 4126 1348 4204 quidem

245 4216 379 4294 prodiisti
401 4236 498 4299 oeque
522 4219 679 4299 quicquam
701 4218 838 4297 erogasti,
861 4238 920 4280 non
942 4221 1021 4299 quod
1043 4220 1236 4300 egeres-qui
1249 4216 1346 4277 enimi

242 4304 296 4365 oui
304 4305 452 4370 hereditas
459 4320 638 4373 testamento
648 4310 779 4371 Philonis
790 4310 885 4371 affinia
893 4312 1017 4390 amplius
1026 4312 1155 4389 quinque
1169 4310 1345 4373 talentorum

244 4394 334 4470 vessit*
360 4398 409 4477 qui
434 4401 494 4463 duo
516 4403 629 4465 ιιιιιιιι
650 4420 670 4464 ι
691 4402 831 4464 classium
846 4402 1026 4485 principibus
1048 4404 1157 4464 donum
1175 4396 1344 4495 opilatitium
