2934 5000
371 310 540 399 cousus
563 334 902 399 nnrsnocnrnnru.
1124 324 1185 394 aot

92 486 182 560 esim,
196 507 229 547 se
243 504 361 567 prorsus
371 488 530 569 dmpectis,
544 490 583 548 ad
597 482 821 568 Cersolileptsm
833 506 887 546 vos
906 484 1059 547 inclinsre·
1084 485 1143 551 Qui
1159 486 1195 554 si

90 580 133 637 oh
142 596 207 637 earn
216 579 381 658 opinionem
390 600 409 639 n
419 579 610 658 Cersoblepte
620 600 672 659 per
681 580 868 639 occasionem
879 577 1007 654 sliqusm
1016 576 1192 656 oppugnati,

93 668 191 745 regnis
201 669 353 739 cesserint,
369 689 471 729 rursus
484 689 520 729 ex
531 690 568 729 ee
580 690 611 729 re
624 668 695 747 quid
709 670 840 729 futurum
853 668 902 738 sit,
913 667 1020 737 videte.

132 762 184 819 28.
207 760 295 837 Agite
305 780 383 831 vero,
399 780 451 839 per
465 760 536 820 deos
549 760 735 831 immortales,
750 760 775 821 si
786 780 840 819 vos
854 758 1060 837 Cersobleptes
1073 757 1194 830 leserit,
1212 816 1217 835 ,

43 924 51 933 .
92 851 164 910 -id
172 850 265 929 quod,
276 852 301 910 si
316 852 442 931 spersrit
451 851 607 923 duntaxat,
618 852 766 911 iactuum
782 851 891 928 potius,
903 868 1002 929 ᾳιιιιιι,
1014 849 1041 907 si
1053 850 1194 927 putruerit,

95 961 160 1003 esse
176 943 360 1013 omissurum,
374 950 421 1001 est
433 942 661 1021 probabilius-,
680 962 741 1000 son
754 942 793 1001 sd
806 942 875 1001 illos
890 941 1007 1011 ibimus,
1020 940 1195 1019 illorumque

95 1032 203 1111 opibus
213 1032 301 1111 hujus
315 1032 476 1110 potentium
488 1032 657 1091 conabimur
670 1030 838 1091 infirmaret
858 1031 907 1090 Ad
924 1050 992 1109 qne
1009 1030 1036 1091 si
1047 1030 1131 1090 robis
1151 1031 1197 1089 illi

97 1124 141 1183 sic
156 1125 370 1203 responderint,
383 1143 435 1185 vos
450 1124 656 1195 Athenienses,
672 1123 756 1181 nobis
772 1120 885 1183 effectis
902 1121 1008 1199 injuris
1027 1141 1116 1200 opem
1134 1141 1198 1181 ιιοι

97 1216 187 1275 modo
199 1235 258 1275 non
269 1214 390 1288 tulistis,
399 1215 455 1275 sed
466 1216 496 1273 in
509 1224 619 1275 metum
635 1214 733 1283 etiem,
746 1215 773 1273 si
783 1234 839 1273 nos
849 1212 1083 1282 defenderemus,
1093 1214 1199 1291 ingen·

96 1316 159 1365 tem
171 1306 348 1385 conjecistis,
362 1306 484 1367 decreto
491 1306 581 1377 lacto,
591 1304 641 1383 qui
652 1305 732 1365 illum
748 1316 778 1364 et
790 1306 893 1365 vestris
906 1316 937 1363 et
949 1304 1057 1363 nonris
1066 1306 1197 1363 utilitati·

95 1396 363 1457 bussdverssntem
372 1398 540 1466 occidisset,
553 1416 619 1456 eum
630 1396 837 1473 comprehendi
849 1395 948 1453 licere.
969 1394 999 1453 N
1001 1412 1040 1453 on
1046 1396 1135 1472 igitur
1144 1415 1197 1456 vos

99 1487 846 1567 deeetsuxiliunssuebispetere,edeainintegrum
854 1486 1200 1565 mntuenquusretin
1264 1564 1275 1571 ·

99 1598 154 1639 vos
163 1588 194 1637 et
203 1598 258 1639 nos
268 1579 346 1639 mele
359 1581 544 1641 consulentes
556 1580 703 1639 emisistis.
716 1580 803 1646 ¹Heu
817 1580 937 1657 inqosm
951 1578 977 1638 sl
989 1580 1200 1657 responderint,

102 1689 206 1748 quoeso
219 1690 281 1745 ros,
299 1690 338 1729 sn
357 1690 415 1731 non
429 1687 530 1749 eorum
550 1672 661 1749 sequior
681 1672 780 1730 iuturs
798 1682 945 1748 estquun
966 1682 1068 1730 nostru
1083 1672 1200 1731 unhul

104 1762 170 1840 Ego
185 1762 304 1841 quidem
321 1764 434 1843 opinor.
458 1764 537 1831 Quin
553 1762 625 1822 illud
640 1765 729 1823 etism
742 1763 802 1822 dici
815 1782 874 1821 non
894 1764 1009 1841 poterit,
1022 1782 1075 1822 vos
1094 1766 1199 1843 probs·
1315 1824 1321 1827 .

102 1855 199 1915 biliter
211 1854 424 1915 circumventos
443 1874 517 1927 esse,
531 1865 563 1917 et
577 1854 727 1933 deceptos
762 1854 841 1913 Nsm
855 1854 880 1913 si
892 1854 964 1912 nihil
977 1853 1058 1913 eliud
1070 1856 1200 1933 eogitsre

101 1946 237 2027 possetis,
250 1964 307 2005 nee
319 1947 376 2025 ipsi
388 1948 544 2025 pnrdentia
557 1946 694 2007 valeretis
702 1946 740 2005 sd
750 1945 918 2021 hujusmodi
928 1962 975 2005 ret
985 1946 1203 2023 intelligendus,

104 2038 274 2116 exemplum
295 2038 497 2117 Olynthiorum
520 2038 618 2097 sidere
638 2038 781 2109 licuisset,
797 2038 849 2115 qut
860 2038 965 2115 quibus
978 2039 1092 2117 accepti
1106 2040 1202 2099 modis

106 2149 126 2190 s
139 2128 286 2207 Phiiippo,
301 2148 389 2209 quum
407 2129 448 2187 illi
462 2130 585 2206 gratiam
600 2128 770 2189 retulerunt.
792 2130 821 2187 ls
836 2128 996 2189 Potidsrsm
1010 2131 1052 2189 eis
1065 2150 1125 2189 nou
1138 2144 1201 2190 turn

106 2218 243 2291 restituit,
252 2238 320 2277 cum
335 2220 409 2279 tueri
418 2220 528 2291 diutins
541 2238 601 2279 non
614 2230 725 2296 posset,
737 2220 985 2297 quemadmodum
997 2223 1081 2281 vobis
1094 2223 1202 2283 Cerso-

106 2309 220 2386 bleptes
243 2298 478 2370 Chersonesum:
499 2309 552 2369 sed
568 2309 676 2369 belluni
690 2310 839 2369 vobiscum
853 2329 968 2389 gerens,
984 2314 1098 2391 mugnis
1122 2334 1203 2373 sorn-

108 2400 207 2479 ptihus
218 2400 315 2474 fectis,
329 2401 357 2465 vi
370 2412 577 2480 expugnatam,
591 2422 657 2461 cum
672 2402 747 2481 ipse,
762 2403 789 2462 si
802 2403 898 2472 vellet,
915 2404 1039 2484 retinere
1048 2407 1203 2482 potuisset,

110 2492 240 2566 candit,
249 2513 286 2554 sc
296 2513 333 2554 ne
342 2494 592 2574 conatusquidem
603 2507 648 2556 est
657 2494 756 2556 lacere
765 2494 918 2574 quicquam
929 2494 1019 2555 eliud.
1039 2497 1204 2572 lllitsmeu,

111 2585 210 2664 quoad
223 2605 290 2646 eum
301 2595 415 2645 tentum
428 2605 494 2646 esse
509 2585 658 2659 videbant,
672 2597 704 2646 ut
721 2585 916 2665 magnitudini
929 2586 994 2665 ejus
1012 2587 1086 2648 fides
1106 2591 1205 2652 haberi

110 2689 222 2758 posset,
238 2688 268 2738 et
289 2678 362 2737 socii
378 2678 442 2758 ejus
461 2688 555 2750 erent,
572 2690 603 2737 et
615 2688 730 2758 propter
747 2697 815 2738 com
833 2696 888 2737 nos
908 2681 1132 2758 oppugnabant:
1153 2683 1206 2742 sed

111 2789 179 2830 cunr
201 2767 320 2828 rideant
338 2787 405 2828 snm
425 2769 659 2839 increvissent
676 2769 741 2848 ejus
758 2769 893 2848 potentis
911 2769 967 2827 sibi
980 2771 1138 2830 metuenda
1156 2773 1205 2844 sis,

111 2873 225 2924 tentum
236 2864 344 2922 nbsnnt
357 2881 375 2921 n
388 2861 586 2932 decernendo,
602 2861 709 2940 siquis
722 2881 824 2921 eorom
842 2861 980 2941 aliquem,
993 2881 1045 2939 per
1058 2882 1133 2939 quos
1142 2865 1210 2942 ejus

113 2955 264 3035 imperinm
278 2963 396 3014 suctum
406 2964 437 3014 et
446 2953 594 3015 firmatum
604 2965 661 3024 est,
670 2953 819 3024 occiderit,
833 2973 902 3013 eum
914 2973 932 3012 e
942 2954 1085 3013 sociorum
1098 2955 1207 3016 ditione

114 3045 222 3108 abduci
231 3046 328 3118 licere,
337 3054 371 3104 ut
378 3051 517 3118 nostram,
527 3037 603 3124 quos
610 3047 709 3106 sciunt
717 3047 921 3130 prseomnihus
930 3045 1006 3115 eliis,
1019 3065 1085 3106 oum
1098 3049 1210 3110 amicos

115 3139 191 3216 ejus,
204 3147 266 3196 tum
278 3136 373 3214 ipsum
384 3135 560 3215 Philippum,
576 3157 690 3198 summe
708 3157 777 3196 enm
791 3138 941 3215 voluptate
956 3138 1116 3208 occisuros,
1136 3142 1210 3200 nmi-

115 3228 215 3288 citiam
224 3226 431 3304 expetiverint:
453 3212 623 3286 societatem
641 3227 712 3286 item
726 3239 866 3297 nostram,
880 3240 914 3285 ut
925 3227 1033 3298 ferrent,
1046 3229 1207 3305 expetitori.

118 3319 206 3388 Quod
230 3317 254 3376 si
274 3316 407 3396 Olynthii
427 3316 526 3376 future
547 3318 713 3396 prospicere
736 3328 854 3390 norunt,
870 3337 934 3388 ros,
945 3318 996 3394 qni
1015 3317 1212 3380 Athenienses

118 3411 203 3484 estis,
215 3428 275 3468 non
288 3408 365 3467 idem
378 3407 510 3468 iacietis?
531 3409 579 3468 An
599 3427 658 3468 nou
678 3409 875 3486 turpissimum
889 3409 1062 3480 suerit‘vos,
1076 3412 1128 3490 qui
1138 3431 1212 3472 oon-

118 3503 175 3563 silii
196 3499 333 3582 sepiendi
347 3499 384 3559 de
405 3500 494 3560 rebus
507 3500 644 3579 gerendis
661 3500 784 3560 scientis
799 3511 940 3578 prestere
959 3501 1128 3582 videamini,
1142 3505 1214 3586 qnid

118 3593 257 3674 expedint
268 3591 363 3652 minus
376 3591 535 3670 prudenter
548 3609 636 3671 quem
652 3591 810 3671 Olynthios
824 3591 1083 3653 animadvertisse?

159 3687 211 3746 29.
229 3683 325 3743 Audio
335 3701 421 3762 porro
429 3681 517 3742 istum
527 3684 606 3743 idem
616 3683 772 3744 allaturum
783 3702 859 3753 esse,
870 3684 950 3761 qood
959 3685 996 3744 sb
1006 3684 1215 3760 Aristomache
1331 3690 1334 3696 ’

121 3776 212 3836 semel
227 3794 280 3854 pro
303 3773 445 3834 concione
458 3775 569 3836 dictum
586 3783 641 3848 est,
661 3793 810 3853 nunquam
834 3775 1064 3856 Cersobleptem,
1087 3779 1214 3841 Cherso-

120 3875 194 3928 neso
207 3867 291 3926 vobis
305 3864 468 3945 eripienda,
479 3877 591 3927 vestras
605 3865 768 3927 inimicitias
787 3878 991 3947 suscepturum
1001 3889 1009 3927 :
1021 3877 1086 3930 'neo
1098 3871 1175 3930 enim
1191 3874 1217 3932 si

122 3959 234 4041 ceperit
253 3969 343 4037 etque
357 3959 498 4031 obtinent,
516 3959 559 4018 illi
574 3958 833 4020 commodaturum.
854 3959 948 4040 Cujus
960 3971 1085 4037 mesto,
1104 3962 1219 4023 reditus

122 4064 154 4113 et
173 4051 325 4130 vectigalia
344 4052 464 4129 trigints
488 4050 598 4110 tslentn
620 4069 679 4110 non
704 4052 865 4112 excedunt:
886 4052 933 4110 sin
955 4050 1034 4110 bello
1055 4052 1217 4124 mleststur,

123 4143 223 4204 nullus
236 4145 355 4204 omnino
369 4145 408 4204 sit
419 4143 541 4204 fructus.
576 4140 675 4210 Quum
693 4163 729 4202 ex
751 4143 897 4222 emporiis,
915 4161 982 4220 quus
1000 4142 1070 4202 belli
1088 4148 1219 4222 tempore

122 4233 338 4305 clauderentur,
348 4233 473 4312 emplius
480 4233 672 4294 ducentorum
681 4235 825 4294 talentum
833 4233 942 4294 reditus
950 4233 1099 4311 percipias.
1119 4237 1221 4302 Quare

124 4329 151 4387 si
173 4326 253 4403 parvi
271 4326 369 4386 lunelli
388 4345 441 4404 spe
456 4325 610 4395 adductus,
626 4325 719 4386 hostis
731 4344 796 4384 esse
814 4322 906 4393 malit,
925 4343 994 4382 oum
1015 4325 1101 4403 plurs
1114 4329 1220 4406 possit,

126 4416 254 4485 amicitis
274 4427 376 4482 nostra
396 4417 535 4491 munitus,
557 4417 702 4490 obtinere,
723 4411 827 4479 mirari
839 4433 905 4476 sese
923 4415 1109 4482 dictitabunt.
1145 4419 1223 4482 Mihi
