2934 5000
262 319 300 384 10
608 309 856 386 PHILIPPICA
869 315 1022 384 ΡΒῐΜΑ’

258 477 320 538 Sed
337 477 405 555 hoc,
427 479 634 553 Athenienses,
649 481 791 562 preclare
812 482 862 544 ille
883 483 974 554 novit,
996 479 1062 542 hoec
1084 479 1152 542 loca
1175 473 1276 540 omnia
1292 491 1359 539 esse

51 617 52 627 ,
178 627 181 633 ,
257 569 327 630 belli
340 574 470 651 praemia,
480 574 510 632 in
524 573 742 653 medioposita;
764 585 898 634 naturam
912 575 1000 636 etiam
1013 574 1053 634 ita
1066 571 1152 644 ferre,
1158 570 1359 651 ntpressenti-

258 664 313 722 bus
331 664 440 726 cedant
457 686 522 745 quse
536 678 605 728 eunt
619 669 796 740 absentium,
814 677 846 728 et
862 668 1027 728 volentibus
1044 667 1159 728 labores
1176 683 1213 726 ac
1226 663 1361 744 pericula

258 754 348 828 edire,
362 777 430 835 qum
444 769 514 818 sunt
526 760 746 840 negligentium.
788 759 855 821 Hac
873 759 923 820 ille
938 759 1084 820 sententia
1095 777 1168 818 nsns
1178 758 1277 818 omnia
1288 758 1361 816 snb-
1464 788 1465 799 ι

258 847 319 927 egit
329 859 359 909 et
376 859 466 920 tenet,
486 850 544 912 alia
564 862 599 912 ut
618 861 706 932 capta
717 852 784 931 quis
799 851 868 912 belli
875 851 942 929 jure
958 860 1068 922 teneat,
1089 850 1149 911 alie
1169 850 1361 911 societatibus
1464 870 1465 939 ι

257 951 348 1020 atque
362 944 503 1022 ,amicitiis
520 944 575 1004 sibi
591 943 780 1006 devinciens:
809 944 916 1004 etenim
941 963 1009 1004 cum
1027 941 1073 1002 his
1089 944 1258 1004 societatem
1277 942 1362 1014 inire,
1464 946 1465 977 ³

256 1043 345 1114 atquc
359 1035 403 1096 his
414 1036 573 1110 adhaerere,
585 1039 689 1098 volunt
700 1055 813 1111 omnes,
825 1055 900 1116 qnos
918 1035 1077 1097 instructos
1088 1055 1154 1098 esse
1168 1037 1271 1097 vident
1283 1043 1316 1107 et
1324 1055 1362 1095 ea

258 1147 325 1207 quse
338 1139 455 1214 oportet
464 1149 551 1208 agere
563 1141 692 1211 paratos.

296 1225 327 1280 4.
349 1223 381 1281 Si
399 1222 488 1301 igitur
497 1241 550 1283 vos
568 1223 666 1296 etiam,
679 1219 883 1296 Athenienses,
892 1221 951 1283 hoc
969 1221 1066 1283 animo
1080 1241 1143 1282 esee
1157 1241 1236 1282 nnnc
1248 1216 1358 1290 velitis,
1432 1302 1436 1308 .

257 1313 377 1392 quando
389 1314 511 1393 quidem
524 1315 605 1394 prius
624 1315 811 1394 nonsnists'sr
831 1327 861 1375 et
882 1315 1081 1394 unusquisqne
1094 1322 1235 1388 vestrum,
1250 1314 1359 1392 quibus

257 1406 288 1465 in
302 1407 388 1466 rebus
398 1406 487 1466 debet
500 1415 530 1466 et
543 1416 642 1484 potest
654 1405 823 1486 reipublice)
836 1425 869 1466 se
883 1406 984 1466 utilem
996 1417 1144 1485 praestare,
1159 1407 1237 1466 omni
1250 1405 1361 1464 omissa

257 1498 498 1570 dissimulatione,
509 1497 614 1576 elmuid
626 1516 732 1558 navare
746 1499 785 1558 sit
795 1508 931 1578 paratnsz
946 1499 1082 1572 namnam,
1091 1499 1142 1577 qni
1151 1498 1231 1558 dives
1239 1508 1296 1566 est,
1306 1497 1360 1556 tri·

140 1611 144 1618 *
256 1582 328 1652 bute
339 1591 482 1662 conferre,
491 1591 540 1669 qui
553 1590 661 1650 veroin
672 1600 762 1651 aetate
775 1601 822 1667 est
832 1591 911 1652 bello
919 1600 998 1672 apta,
1006 1589 1130 1651 militare
1139 1589 1316 1669 r-deniqoe
1326 1598 1360 1648 ιιι

256 1703 317 1756 unp
327 1687 415 1744 verbo
425 1683 648 1763 simpliciterque
658 1685 765 1758 dicam,
774 1683 897 1746 sivestri
907 1695 1058 1764 compotes
1068 1685 1122 1763 ipsi
1130 1683 1191 1745 lieri
1198 1683 1359 1755 volueritis,

257 1788 289 1839 ει
302 1777 442 1854 desieritis
455 1776 578 1855 quisque
592 1779 733 1850 vestrhm,
744 1797 777 1837 se
790 1777 913 1856 quidem⁸
919 1777 991 1836 nihil
997 1777 1144 1853 lecturum
1153 1795 1220 1836 esse
1231 1795 1359 1855 sperare,

257 1867 347 1932 alinm
359 1887 428 1928 vero
442 1887 495 1947 pro
509 1889 542 1929 se
555 1869 654 1929 omnia
671 1869 886 1948 praestiturum
908 1880 972 1930 tum
985 1880 1017 1930 ει
1030 1889 1066 1930 ea
1080 1887 1147 1949 qnee
1160 1879 1258 1928 vestra
1278 1876 1359 1939 sunt,

243 1962 315 2023 *deo
326 1961 453 2034 volente,
466 1961 641 2040 percipietis,
657 1971 688 2022 ει
707 1961 814 2022 amhae
833 1981 885 2041 per
908 1962 1072 2022 socordiam
1095 1961 1359 2040 recuperationes

255 2054 340 2116 illum
351 2051 540 2114 ulciscemini.
568 2052 670 2133 Neque
680 2055 758 2113 enim
769 2053 946 2125 annuetis,
954 2054 1006 2127 illi,
1014 2063 1154 2133 tanquam
1164 2054 1219 2114 deo
1228 2053 1358 2126 cuidam,

255 2157 431 2230 praesentem
442 2145 505 2226 ejus
515 2145 662 2206 fortunam
676 2147 861 2207 immobiliter
873 2147 963 2207 lixam
976 2165 1043 2208 esse
1056 2148 1086 2208 in
1101 2157 1290 2228 perpetuum
1313 2157 1359 2208 est

257 2241 335 2302 enim
355 2239 404 2320 qui
417 2237 507 2298 *illum
526 2238 599 2311 odit,
622 2239 730 2318 quique
751 2239 863 2309 metuit,
886 2239 1088 2311 Athenienses,
1109 2241 1217 2320 quique
1237 2239 1358 2314 invidet,
1464 2290 1465 2331 p

254 2333 342 2396 etiam
355 2351 392 2392 ex
405 2332 440 2391 iis
450 2329 500 2410 qui
510 2330 573 2410 jam
587 2330 629 2390 illi
643 2331 807 2391 amicissimi
821 2331 1049 2392 essevidentur:
1063 2333 1235 2410 etprofecto
1246 2333 1354 2403 omnia,
1464 2334 1465 2347 ¹

256 2446 440 2509 quaecunque
453 2425 483 2484 in
492 2425 556 2485 aliis
562 2425 713 2505 quibusvis
723 2425 889 2484 hominibus
900 2425 1092 2505 reperiuntur,
1098 2425 1164 2484 hec
1174 2425 1203 2484 in
1214 2425 1248 2484 iis
1258 2426 1357 2498 edam,

238 2554 241 2575 .
256 2523 308 2604 qui
320 2519 389 2581 cuni
400 2520 450 2579 illo
465 2530 543 2591 sunt,
557 2519 653 2579 inesse
675 2518 899 2578 existimandum
919 2528 974 2580 est
1008 2518 1083 2579 Haec
1095 2512 1165 2578 ver'o
1177 2519 1277 2578 omnia
1294 2538 1357 2598 pree

256 2623 338 2674 metu
351 2630 430 2671 nunc
442 2630 474 2671 se
488 2608 683 2681 abscondunt,
693 2628 761 2670 cum
776 2608 889 2668 nullom
900 2610 1030 2670 habeant
1042 2608 1223 2688 confugium,
1240 2622 1360 2690 propter
1464 2617 1465 2624 ’

254 2720 381 2767 vestram
401 2702 567 2763 tarditatem
584 2710 614 2760 et
627 2700 800 2771 socordiam,
814 2720 903 2781 qnam
916 2703 1061 2783 oobnjam
1081 2722 1145 2765 esse
1164 2703 1357 2784 abjiciendam

255 2798 333 2858 dico.
354 2794 470 2855 Videtis
483 2794 559 2853 enim
573 2812 645 2866 rem,
658 2792 865 2864 Athenienses,
880 2812 938 2872 quo
955 2795 1147 2874 protervitatis
1159 2798 1256 2861 ,evasit
1268 2797 1357 2857 homo

220 2935 225 2948 ,
255 2891 322 2964 iste,
335 2889 430 2968 quine
441 2886 559 2967 quidem
574 2886 720 2965 optionem
736 2885 820 2946 vobis
833 2884 885 2946 dat
899 2895 951 2945 ant
959 2886 1031 2947 belli
1048 2888 1181 2967 gerendi,
1197 2899 1248 2949 aut
1264 2890 1357 2951 otium

256 2980 377 3063 agendir
400 2980 452 3040 sed
465 2977 620 3049 minitetur,
633 2988 665 3038 et
677 2978 819 3058 superbis,
832 2988 867 3038 ut
878 2978 957 3037 fama
974 2989 1030 3051 est,
1048 2980 1228 3041 sermonibus
1246 2983 1357 3052 utitur:

255 3094 352 3157 neque
370 3072 476 3135 adduci
489 3080 641 3151 potestat,
662 3088 729 3150 qum
744 3069 808 3148 jam
821 3070 938 3149 subegit
949 3072 1088 3145 retinens,
1103 3072 1151 3132 his
1168 3076 1357 3154 acquiescat;
1464 3075 1465 3138 ξ

255 3168 308 3230 'sed
319 3178 459 3248 perpetuo
471 3166 542 3245 qnid
552 3165 675 3244 amplius
688 3163 815 3238 molitur,
824 3174 856 3225 et
864 3164 973 3225 circum
982 3164 1111 3247 undique
1118 3176 1292 3229 cunctantes
1302 3190 1355 3231 vos

253 3270 342 3343 etque
352 3261 490 3322 sedentes
503 3260 577 3318 uelut
589 3256 726 3336 indagine
741 3258 840 3339 cingit.

297 3360 327 3416 b.
348 3354 477 3422 Quando
487 3352 590 3431 igitur,
599 3348 805 3426 Athenienses,
818 3352 937 3432 quando
951 3373 1017 3435 quoe
1027 3362 1141 3435 oportet
1153 3354 1289 3417 iacietis?
1305 3358 1357 3418 nbi
1417 3396 1423 3405 =

256 3448 367 3527 aliquid
381 3444 540 3506 acciderit?
560 3444 610 3504 ubi
623 3442 713 3505 credo
731 3435 894 3506 necessitas
910 3446 1007 3526 aliqua
1025 3447 1130 3507 fueriti
1150 3448 1199 3509 De
1218 3452 1358 3527 proesenti

198 3574 202 3579 -
256 3542 346 3619 igitur
358 3557 452 3597 rerum
467 3547 544 3597 stetu
555 3556 654 3620 quse
634 3539 716 3597 vobis
730 3539 843 3617 opinio
841 3558 906 3619 esse
919 3538 1030 3599 debeti
1051 3539 1118 3619 Ego
1131 3540 1208 3600 enirn
1221 3542 1356 3615 arbitror,

255 3632 354 3693 liberis
367 3630 531 3690 hominibus
551 3630 706 3690 maximam
721 3649 786 3691 esse
799 3632 1014 3707 necessitatem,
1030 3652 1067 3693 ex
1078 3636 1164 3695 rebus
1182 3636 1275 3715 gestis
1288 3656 1356 3697 sus·

254 3732 375 3805 ceptum
384 3721 519 3781 dedecus
544 3722 622 3781 Num
631 3722 729 3795 vulne
743 3742 854 3801 quaeso,
862 3722 1147 3788 circumcursitantes
1160 3748 1197 3788 ex
1209 3729 1357 3790 vobismet

254 3819 325 3900 ipsis
337 3815 501 3897 percontari
520 3813 550 3874 in
564 3814 637 3888 loro,
656 3815 808 3875 Dicitume
832 3814 939 3894 aliquid
950 3818 1038 3877 nevil
1057 3816 1240 3899 qunidnem
1259 3822 1357 3903 magis

242 3903 362 3972 ¹novum
370 3926 434 3969 esse
443 3916 549 3986 potest,
557 3926 644 3987 quam
654 3906 801 3968 hommem
811 3906 1006 3969 Macedonem
1015 3911 1207 3973 Athenienses
1215 3914 1294 3975 bello
1302 3932 1354 3977 sn·

253 4004 366 4083 bigere,
376 4000 558 4078 Graeciaeque
568 4018 614 4059 res
625 3998 844 4060 administrare?
858 4000 1268 4085 MortuusneestPhilippusi
1284 4008 1355 4071 Non

253 4096 363 4167 hercle,
379 4093 433 4153 sed
447 4102 580 4171 aegrotat
602 4090 680 4161 Qnid
693 4110 762 4151 vero
780 4092 835 4152 hoc
848 4104 947 4155 vestra
963 4088 1104 4155 interesti
1125 4098 1224 4157 Etsi
1204 4098 1280 4157 enim
1299 4101 1353 4160 ali-

253 4187 325 4271 quid
340 4206 365 4245 ει
358 4183 520 4256 accident
530 4183 610 4244 brevi
622 4203 674 4244 vos
689 4183 777 4243 alium
790 4183 958 4265 Philippum
973 4187 1222 4263 oollsfacietis,s1
1239 4192 1354 4255 animos

255 4281 342 4340 rebus
357 4279 457 4337 uestris
467 4277 524 4337 hoc
537 4278 623 4337 modo
637 4276 819 4337 adhibeatis·
841 4297 936 4357 neque
949 4279 1062 4339 enimin
1079 4292 1194 4342 tentum
1208 4282 1269 4343 suis
1283 4285 1354 4345 viri-

255 4372 313 4433 bus
326 4368 427 4440 crevit,
439 4380 579 4447 quantum
594 4378 694 4430 nostra
707 4369 896 4449 negligentia.
936 4372 978 4430 At
989 4370 1064 4431 illud
1083 4391 1169 4451 pone.
1196 4374 1228 4435 Si
1241 4375 1354 4453 quid
1326 4398 1355 4438 ει

255 4461 405 4542 acciderit,
416 4461 558 4543 nobisque
571 4460 689 4526 somme
701 4462 890 4544 leventque
904 4480 1019 4545 semper
1034 4464 1139 4527 melius
1158 4486 1213 4530 nos
1231 4472 1355 4545 carone,
