2934 5000
431 237 585 302 ostano
612 239 670 300 DE
691 235 978 298 CHERSONESO.
1176 275 1180 285 ·
1205 237 1244 296 0³
1340 270 1349 282 o

23 363 24 454 ζ
145 405 225 461 nio,
238 386 413 464 sititensi,
426 391 528 473 tnui,
542 413 610 454 cum
628 391 786 454 muana·
800 391 831 450 u
844 390 941 456 insin
958 389 1103 463 nutu,
1116 409 1242 469 quon·

23 533 24 544 i
145 478 188 538 tio
197 479 325 540 ineunda
336 483 443 561 quidve
456 485 604 564 agendum
617 484 677 546 siti
696 504 758 546 nou
772 481 1242 562 mareimplebitialltlseuieuses,

145 569 331 633 triremibusl
350 594 409 635 nou
428 577 490 656 jam
515 579 634 656 surgitis
657 579 686 638 iu
702 577 827 638 Pineum
851 575 977 636 abituri?
997 595 1057 635 nou
1073 575 1198 635 classem
1210 577 1241 636 iu

22 710 24 742 ‚
147 681 229 724 mare
242 665 386 726 trahetis?
408 669 482 730 Hoec
496 669 665 730 Timotheus
685 667 768 741 dixit,
781 689 834 729 vos
853 668 979 751 fecistis:
997 688 1065 747 quas
1080 687 1146 727 cum
1161 681 1241 729 utra·

22 793 23 796 =
145 773 205 834 que
225 757 482 836 conjungerentur,
505 780 551 820 res
574 761 707 838 oouieuta
721 770 784 821 est.
825 759 866 819 At
888 759 913 819 si
932 759 1060 840 isquam
1074 760 1194 839 optima,
1207 771 1242 822 ut

144 853 209 904 uim
222 847 305 922 dixit,
318 851 450 924 dixisset,
467 870 520 912 vos
534 868 603 912 vero
616 852 732 932 ignavia
744 851 876 931 impediti
895 870 955 911 nou
974 852 1240 930 obtemperamus,

142 951 262 1002 essetne
274 941 383 1021 aliquid
394 963 494 1004 eorum
508 954 617 1018 aetum,
625 963 692 1030 quaa
700 959 762 1005 tum
772 943 881 1004 civitati
889 943 1096 1022 oontigesuuti
1108 944 1169 1004 lieri
1175 965 1239 1004 aon

143 1039 253 1109 potest.
293 1033 342 1094 sie
352 1026 439 1115 igitur
447 1035 585 1116 quioquid
598 1035 646 1096 vel
660 1055 716 1114 ego
726 1054 816 1106 nuno,
825 1033 973 1112 velquiuis
984 1033 1058 1094 nlius
1066 1033 1181 1108 dixerit,
1191 1053 1239 1096 rsa

144 1129 178 1201 et
190 1123 319 1186 actiones
333 1128 413 1208 apud
425 1129 617 1207 vosmetipsos
631 1127 795 1207 quaeritate,
808 1125 993 1188 utilissimum
1009 1126 1163 1188 consiliata
1182 1127 1239 1188 sci·

145 1223 230 1276 enter
243 1217 420 1296 explicatum
433 1220 512 1298 apud
529 1231 695 1280 oratorem:
744 1229 748 1237 '
1224 1215 1230 1218 ’

146 1355 152 1366 .
190 1308 239 1366 18.
261 1309 320 1368 Sed
334 1310 384 1370 ubi
396 1311 556 1370 orationem
569 1329 663 1371 meam
677 1311 709 1372 in
720 1331 862 1372 summam
870 1321 902 1372 et
913 1311 1011 1392 capita
1022 1311 1158 1390 quaedam
1169 1312 1236 1374 red·

145 1417 246 1477 egero,
262 1400 449 1462 descendam.
491 1403 607 1464 Censeo
620 1404 708 1482 igitur
720 1404 927 1464 eonferendum
946 1423 1012 1466 esse
1025 1406 1190 1482 pecuniam,
1207 1415 1239 1466 et

145 1491 305 1552 exercitum
313 1495 376 1573 jam
390 1505 588 1574 comparatum
607 1513 674 1557 esse
692 1495 935 1565 ouasesvauduui,
954 1494 1044 1573 atque
1057 1496 1166 1573 siquid
1179 1514 1239 1557 nou

145 1593 227 1642 secte
240 1583 301 1644 lieri
314 1584 459 1646 videbitur
468 1586 688 1664 corrigendum
714 1606 775 1647 non
788 1588 827 1646 ob
841 1587 969 1665 cujusvis
981 1585 1181 1647 cavillationes
1194 1597 1239 1647 to·

144 1683 209 1732 tum
222 1675 448 1736 destruendum:
469 1676 583 1755 legatos
598 1697 829 1756 quaquaversum
848 1696 914 1736 esse
926 1677 1094 1750 mittendos,
1116 1679 1165 1757 qni
1185 1679 1238 1740 do·

145 1777 241 1840 ceant,
260 1778 408 1840 moneant,
429 1767 585 1829 conficiant
603 1770 770 1850 reipublicae
791 1769 932 1848 quicquid
954 1779 1107 1848 poterunt:
1133 1781 1239 1850 prater

144 1857 211 1920 hae
231 1861 337 1931 omnis,
356 1861 406 1940 qni
419 1862 546 1942 corrupti
559 1861 761 1941 largitionibus
782 1862 902 1941 negotia
913 1860 1022 1941 perside
1040 1874 1238 1944 corrumpunt,

145 1957 207 2010 tum
221 1952 369 2029 puniendi,
387 1963 449 2012 tum
462 1971 577 2030 semper
589 1963 621 2012 et
632 1953 741 2030 ubique
762 1953 830 2011 odio
842 1951 970 2013 habendi
989 1963 1070 2023 suut,
1089 1964 1124 2012 ut
1136 1955 1237 2017 mode·

145 2041 202 2102 rati
214 2043 348 2102 homines
367 2053 398 2102 et
409 2041 479 2102 boui
492 2042 545 2101 viri
558 2053 636 2104 recte
650 2043 866 2122 pmdenterque
878 2044 968 2102 vitam
981 2043 1153 2119 instituisse,
1172 2058 1236 2108 tum

18 2197 19 2200 Ἴ
148 2133 224 2205 aliis,
247 2143 308 2194 tum
329 2133 513 2212 sibimetipsis
528 2133 687 2193 videantur.
728 2133 817 2200 Quod
840 2133 866 2194 si
885 2134 962 2194 hanc
985 2135 1127 2196 rationem
1145 2137 1239 2198 secati

147 2225 297 2304 negligere
308 2225 406 2286 omnis
414 2225 566 2298 desieritis,
577 2225 710 2297 sonasse,
718 2224 851 2295 leuasse,
862 2225 980 2302 inquom
989 2235 1020 2286 et
1028 2227 1125 2287 adhuc
1133 2238 1241 2290 suiten

147 2315 252 2376 melius
267 2335 439 2378 successura
458 2335 524 2396 spes
547 2315 594 2376 sit
636 2315 745 2376 Verum
768 2315 794 2376 si
813 2315 995 2390 desidebitis,
1009 2317 1151 2383 hactenus
1164 2321 1240 2381 dun·

147 2417 238 2481 taxat,
249 2419 282 2468 ut
293 2409 438 2490 plsudatis
451 2417 482 2467 et
495 2407 619 2468 laudetis
632 2409 792 2469 orationem
804 2406 965 2482 studentes,
978 2427 1046 2476 cum
1055 2429 1125 2474 vero
1136 2431 1240 2490 gersu-

149 2502 189 2562 ds
200 2520 248 2563 res
261 2502 327 2577 erit,
340 2499 578 2583 tergiversemiui‚
601 2499 710 2563 nullam
723 2499 859 2581 equidem
873 2501 958 2563 video
976 2503 1146 2579 ouationem,
1160 2526 1239 2585 qua,
1277 2531 1281 2536 ·

148 2592 376 2697 detestantibus
393 2593 477 2657 vobis
498 2612 671 2675 agereque
693 2610 768 2675 opus
790 2602 870 2671 suat,
895 2594 1103 2676 rempublicam
1124 2616 1239 2661 mate

148 2696 251 2767 possit.
