<?xml version="1.0" encoding="UTF-8"?>
<!DOCTYPE html PUBLIC "-//W3C//DTD XHTML 1.0 Transitional//EN"
    "http://www.w3.org/TR/xhtml1/DTD/xhtml1-transitional.dtd">
<html xmlns="http://www.w3.org/1999/xhtml" xml:lang="en" lang="en">
 <head>
  <title>
</title>
<meta http-equiv="Content-Type" content="text/html;charset=utf-8" />
  <meta name='ocr-system' content='tesseract 3.04.00' />
  <meta name='ocr-capabilities' content='ocr_page ocr_carea ocr_par ocr_line ocrx_word'/>
</head>
<body>
  <div class='ocr_page' id='page_1' title='image "./demosthenisetsc09ulpigoog/demosthenisetsc09ulpigoog_0153.png"; bbox 0 0 2934 5000; ppageno 0'>
   <div class='ocr_carea' id='block_1_1' title="bbox 377 615 909 696">
    <p class='ocr_par' dir='ltr' id='par_1_1' title="bbox 377 615 909 696">
     <span class='ocr_line' id='line_1_1' title="bbox 377 615 909 696; baseline -0.015 0"><span class='ocrx_word' id='word_1_1' title='bbox 377 617 602 696; x_wconf 84' lang='lat' dir='ltr'>LITERAE</span> <span class='ocrx_word' id='word_1_2' title='bbox 638 615 909 696; x_wconf 90' lang='lat' dir='ltr'>PHILIPPl.</span> 
     </span>
    </p>
   </div>
   <div class='ocr_carea' id='block_1_2' title="bbox 121 793 1172 1020">
    <p class='ocr_par' dir='ltr' id='par_1_2' title="bbox 121 793 1172 1020">
     <span class='ocr_line' id='line_1_2' title="bbox 121 793 1172 898; baseline -0.007 -8"><span class='ocrx_word' id='word_1_3' title='bbox 121 793 348 894; x_wconf 70' lang='lat' dir='ltr'>retrursus</span> <span class='ocrx_word' id='word_1_4' title='bbox 372 825 554 893; x_wconf 75' lang='lat' dir='ltr'>sensum</span> <span class='ocrx_word' id='word_1_5' title='bbox 575 828 830 898; x_wconf 80' lang='lat' dir='ltr'>rorunoous</span> <span class='ocrx_word' id='word_1_6' title='bbox 851 823 1172 887; x_wconf 66' lang='lat' dir='ltr'>traculensium</span> 
     </span>
     <span class='ocr_line' id='line_1_3' title="bbox 599 959 692 1020; baseline 0 -2"><span class='ocrx_word' id='word_1_7' title='bbox 599 959 630 1018; x_wconf 91' lang='lat' dir='ltr'>s.</span> <span class='ocrx_word' id='word_1_8' title='bbox 653 959 692 1020; x_wconf 90' lang='lat' dir='ltr'>n.</span> 
     </span>
    </p>
   </div>
   <div class='ocr_carea' id='block_1_3' title="bbox 10 1129 1252 3799">
    <p class='ocr_par' dir='ltr' id='par_1_3' title="bbox 89 1129 1193 1586">
     <span class='ocr_line' id='line_1_4' title="bbox 139 1129 1190 1216; baseline -0.001 -24"><span class='ocrx_word' id='word_1_9' title='bbox 139 1135 170 1195; x_wconf 90' lang='lat' dir='ltr'>l.</span> <span class='ocrx_word' id='word_1_10' title='bbox 191 1135 268 1196; x_wconf 83' lang='lat' dir='ltr'>Curr</span> <span class='ocrx_word' id='word_1_11' title='bbox 282 1129 366 1216; x_wconf 79' lang='lat' dir='ltr'>scepe&#39;</span> <span class='ocrx_word' id='word_1_12' title='bbox 374 1134 490 1214; x_wconf 77' lang='lat' dir='ltr'>legatos</span> <span class='ocrx_word' id='word_1_13' title='bbox 513 1153 550 1194; x_wconf 80' lang='lat' dir='ltr'>es</span> <span class='ocrx_word' id='word_1_14' title='bbox 563 1133 601 1194; x_wconf 89' lang='lat' dir='ltr'>de</span> <span class='ocrx_word' id='word_1_15' title='bbox 610 1151 702 1196; x_wconf 80' lang='lat' dir='ltr'>cause</span> <span class='ocrx_word' id='word_1_16' title='bbox 714 1133 853 1206; x_wconf 68' lang='lat' dir='ltr'>moerim,</span> <span class='ocrx_word' id='word_1_17' title='bbox 865 1143 901 1192; x_wconf 91' lang='lat' dir='ltr'>ut</span> <span class='ocrx_word' id='word_1_18' title='bbox 912 1129 1006 1214; x_wconf 80' lang='lat' dir='ltr'>pectis</span> <span class='ocrx_word' id='word_1_19' title='bbox 1019 1143 1051 1192; x_wconf 90' lang='lat' dir='ltr'>et</span> <span class='ocrx_word' id='word_1_20' title='bbox 1063 1150 1190 1194; x_wconf 83' lang='lat' dir='ltr'>conven-</span> 
     </span>
     <span class='ocr_line' id='line_1_5' title="bbox 93 1225 1192 1308; baseline -0.005 -20"><span class='ocrx_word' id='word_1_21' title='bbox 93 1225 132 1288; x_wconf 90' lang='lat' dir='ltr'>tis</span> <span class='ocrx_word' id='word_1_22' title='bbox 147 1237 300 1301; x_wconf 74' lang='lat' dir='ltr'>staremus,</span> <span class='ocrx_word' id='word_1_23' title='bbox 315 1229 404 1308; x_wconf 93' lang='lat' dir='ltr'>idque</span> <span class='ocrx_word' id='word_1_24' title='bbox 417 1247 470 1290; x_wconf 84' lang='lat' dir='ltr'>vos</span> <span class='ocrx_word' id='word_1_25' title='bbox 484 1227 556 1289; x_wconf 90' lang='lat' dir='ltr'>nihil</span> <span class='ocrx_word' id='word_1_26' title='bbox 569 1227 702 1301; x_wconf 84' lang='lat' dir='ltr'>moverit,</span> <span class='ocrx_word' id='word_1_27' title='bbox 711 1225 934 1307; x_wconf 79' lang='lat' dir='ltr'>significandum</span> <span class='ocrx_word' id='word_1_28' title='bbox 943 1228 1025 1288; x_wconf 82' lang='lat' dir='ltr'>robis</span> <span class='ocrx_word' id='word_1_29' title='bbox 1034 1244 1098 1286; x_wconf 87' lang='lat' dir='ltr'>esse</span> <span class='ocrx_word' id='word_1_30' title='bbox 1111 1225 1192 1297; x_wconf 88' lang='lat' dir='ltr'>duri,</span> 
     </span>
     <span class='ocr_line' id='line_1_6' title="bbox 93 1315 1193 1401; baseline -0.005 -21"><span class='ocrx_word' id='word_1_31' title='bbox 93 1321 201 1400; x_wconf 86' lang='lat' dir='ltr'>quibus</span> <span class='ocrx_word' id='word_1_32' title='bbox 216 1321 247 1381; x_wconf 93' lang='lat' dir='ltr'>in</span> <span class='ocrx_word' id='word_1_33' title='bbox 266 1323 355 1382; x_wconf 89' lang='lat' dir='ltr'>rebus</span> <span class='ocrx_word' id='word_1_34' title='bbox 374 1321 510 1401; x_wconf 75' lang='lat' dir='ltr'>injuriam</span> <span class='ocrx_word' id='word_1_35' title='bbox 530 1319 600 1380; x_wconf 89' lang='lat' dir='ltr'>mihi</span> <span class='ocrx_word' id='word_1_36' title='bbox 619 1320 682 1382; x_wconf 89' lang='lat' dir='ltr'>lieri</span> <span class='ocrx_word' id='word_1_37' title='bbox 696 1320 870 1380; x_wconf 72' lang='lat' dir='ltr'><strong>existimem.</strong></span> <span class='ocrx_word' id='word_1_38' title='bbox 911 1317 959 1378; x_wconf 83' lang='lat' dir='ltr'>Ne</span> <span class='ocrx_word' id='word_1_39' title='bbox 971 1336 1040 1377; x_wconf 81' lang='lat' dir='ltr'>vero</span> <span class='ocrx_word' id='word_1_40' title='bbox 1051 1315 1193 1378; x_wconf 79' lang='lat' dir='ltr'>miremini</span> 
     </span>
     <span class='ocr_line' id='line_1_7' title="bbox 90 1409 1192 1493; baseline -0.005 -20"><span class='ocrx_word' id='word_1_41' title='bbox 90 1411 227 1493; x_wconf 76' lang='lat' dir='ltr'>epistole</span> <span class='ocrx_word' id='word_1_42' title='bbox 240 1413 451 1492; x_wconf 69' lang='lat' dir='ltr'>prolixitatem:</span> <span class='ocrx_word' id='word_1_43' title='bbox 473 1413 542 1492; x_wconf 83' lang='lat' dir='ltr'>quis</span> <span class='ocrx_word' id='word_1_44' title='bbox 555 1413 633 1473; x_wconf 92' lang='lat' dir='ltr'>enim</span> <span class='ocrx_word' id='word_1_45' title='bbox 651 1412 751 1473; x_wconf 79' lang='lat' dir='ltr'>multus</span> <span class='ocrx_word' id='word_1_46' title='bbox 774 1409 972 1490; x_wconf 90' lang='lat' dir='ltr'>conquerendi</span> <span class='ocrx_word' id='word_1_47' title='bbox 992 1428 1091 1471; x_wconf 73' lang='lat' dir='ltr'>ceusu</span> <span class='ocrx_word' id='word_1_48' title='bbox 1112 1417 1192 1481; x_wconf 89' lang='lat' dir='ltr'>sunt,</span> 
     </span>
     <span class='ocr_line' id='line_1_8' title="bbox 89 1505 713 1586; baseline -0.002 -21"><span class='ocrx_word' id='word_1_49' title='bbox 89 1523 218 1565; x_wconf 88' lang='lat' dir='ltr'>necesse</span> <span class='ocrx_word' id='word_1_50' title='bbox 228 1515 274 1566; x_wconf 87' lang='lat' dir='ltr'>est</span> <span class='ocrx_word' id='word_1_51' title='bbox 286 1524 386 1566; x_wconf 87' lang='lat' dir='ltr'>omnes</span> <span class='ocrx_word' id='word_1_52' title='bbox 399 1505 550 1585; x_wconf 88' lang='lat' dir='ltr'>perspicue</span> <span class='ocrx_word' id='word_1_53' title='bbox 564 1505 713 1586; x_wconf 74' lang='lat' dir='ltr'>explicari.</span> 
     </span>
    </p>

    <p class='ocr_par' dir='ltr' id='par_1_4' title="bbox 11 1594 1252 3333">
     <span class='ocr_line' id='line_1_9' title="bbox 134 1594 1192 1677; baseline -0.004 -21"><span class='ocrx_word' id='word_1_54' title='bbox 134 1599 165 1658; x_wconf 77' lang='lat'>2.</span> <span class='ocrx_word' id='word_1_55' title='bbox 186 1598 232 1656; x_wconf 86' lang='lat' dir='ltr'>Ac</span> <span class='ocrx_word' id='word_1_56' title='bbox 244 1597 379 1677; x_wconf 91' lang='lat' dir='ltr'>primum,</span> <span class='ocrx_word' id='word_1_57' title='bbox 399 1597 484 1658; x_wconf 88' lang='lat' dir='ltr'>Nicis</span> <span class='ocrx_word' id='word_1_58' title='bbox 496 1595 689 1658; x_wconf 80' lang='lat' dir='ltr'>caduceatore</span> <span class='ocrx_word' id='word_1_59' title='bbox 700 1615 717 1656; x_wconf 91' lang='lat' dir='ltr'>e</span> <span class='ocrx_word' id='word_1_60' title='bbox 731 1615 797 1656; x_wconf 86' lang='lat' dir='ltr'>mes</span> <span class='ocrx_word' id='word_1_61' title='bbox 809 1594 919 1655; x_wconf 83' lang='lat' dir='ltr'>ditione</span> <span class='ocrx_word' id='word_1_62' title='bbox 936 1594 1068 1673; x_wconf 74' lang='lat' dir='ltr'>abrepto,</span> <span class='ocrx_word' id='word_1_63' title='bbox 1080 1609 1192 1670; x_wconf 85' lang='lat' dir='ltr'>neque-</span> 
     </span>
     <span class='ocr_line' id='line_1_10' title="bbox 88 1684 1192 1772; baseline -0.007 -22"><span class='ocrx_word' id='word_1_64' title='bbox 88 1707 182 1770; x_wconf 77' lang='lat' dir='ltr'>quam</span> <span class='ocrx_word' id='word_1_65' title='bbox 194 1709 249 1750; x_wconf 84' lang='lat' dir='ltr'>vos</span> <span class='ocrx_word' id='word_1_66' title='bbox 267 1690 398 1751; x_wconf 80' lang='lat' dir='ltr'>sontrlrus</span> <span class='ocrx_word' id='word_1_67' title='bbox 414 1709 531 1770; x_wconf 81' lang='lat' dir='ltr'>poensm</span> <span class='ocrx_word' id='word_1_68' title='bbox 545 1709 662 1772; x_wconf 71' lang='lat' dir='ltr'>greum</span> <span class='ocrx_word' id='word_1_69' title='bbox 677 1688 833 1762; x_wconf 80' lang='lat' dir='ltr'>inflixistis,</span> <span class='ocrx_word' id='word_1_70' title='bbox 847 1686 901 1747; x_wconf 90' lang='lat' dir='ltr'>sed</span> <span class='ocrx_word' id='word_1_71' title='bbox 914 1705 981 1747; x_wconf 90' lang='lat' dir='ltr'>eum</span> <span class='ocrx_word' id='word_1_72' title='bbox 995 1684 1045 1766; x_wconf 91' lang='lat' dir='ltr'>qni</span> <span class='ocrx_word' id='word_1_73' title='bbox 1057 1685 1192 1766; x_wconf 78' lang='lat' dir='ltr'>injuriam</span> 
     </span>
     <span class='ocr_line' id='line_1_11' title="bbox 90 1778 1221 1862; baseline -0.006 -20"><span class='ocrx_word' id='word_1_74' title='bbox 90 1791 248 1862; x_wconf 78' lang='lat' dir='ltr'>acceperet</span> <span class='ocrx_word' id='word_1_75' title='bbox 261 1801 380 1843; x_wconf 78' lang='lat' dir='ltr'>carcere</span> <span class='ocrx_word' id='word_1_76' title='bbox 390 1783 493 1843; x_wconf 88' lang='lat' dir='ltr'>decern</span> <span class='ocrx_word' id='word_1_77' title='bbox 504 1781 653 1843; x_wconf 89' lang='lat' dir='ltr'>mensibus</span> <span class='ocrx_word' id='word_1_78' title='bbox 667 1780 854 1849; x_wconf 70' lang='lat' dir='ltr'>detinuistis:</span> <span class='ocrx_word' id='word_1_79' title='bbox 875 1780 946 1859; x_wconf 91' lang='lat' dir='ltr'>quin</span> <span class='ocrx_word' id='word_1_80' title='bbox 958 1790 990 1839; x_wconf 91' lang='lat' dir='ltr'>et</span> <span class='ocrx_word' id='word_1_81' title='bbox 1002 1778 1101 1838; x_wconf 78' lang='lat' dir='ltr'>literas</span> <span class='ocrx_word' id='word_1_82' title='bbox 1118 1795 1192 1856; x_wconf 88' lang='lat' dir='ltr'>quus</span> <span class='ocrx_word' id='word_1_83' title='bbox 1218 1841 1221 1848; x_wconf 57' lang='grc'><strong>,</strong></span> 
     </span>
     <span class='ocr_line' id='line_1_12' title="bbox 89 1869 1192 1956; baseline -0.006 -21"><span class='ocrx_word' id='word_1_84' title='bbox 89 1873 120 1935; x_wconf 92' lang='lat' dir='ltr'>ei</span> <span class='ocrx_word' id='word_1_85' title='bbox 131 1874 270 1935; x_wconf 81' lang='lat' dir='ltr'>dederam</span> <span class='ocrx_word' id='word_1_86' title='bbox 279 1873 478 1955; x_wconf 79' lang='lat' dir='ltr'>perferendus,</span> <span class='ocrx_word' id='word_1_87' title='bbox 493 1893 546 1956; x_wconf 91' lang='lat' dir='ltr'>pro</span> <span class='ocrx_word' id='word_1_88' title='bbox 556 1873 699 1936; x_wconf 89' lang='lat' dir='ltr'>concinne</span> <span class='ocrx_word' id='word_1_89' title='bbox 708 1873 870 1935; x_wconf 72' lang='lat' dir='ltr'>recitastis:</span> <span class='ocrx_word' id='word_1_90' title='bbox 892 1871 1001 1933; x_wconf 91' lang='lat' dir='ltr'>deinde</span> <span class='ocrx_word' id='word_1_91' title='bbox 1014 1889 1083 1932; x_wconf 90' lang='lat' dir='ltr'>cnm</span> <span class='ocrx_word' id='word_1_92' title='bbox 1091 1869 1192 1930; x_wconf 57' lang='lat' dir='ltr'>lensii</span> 
     </span>
     <span class='ocr_line' id='line_1_13' title="bbox 89 1961 1191 2048; baseline -0.003 -23"><span class='ocrx_word' id='word_1_93' title='bbox 89 1965 298 2047; x_wconf 76' lang='lat' dir='ltr'>Byzantiorum</span> <span class='ocrx_word' id='word_1_94' title='bbox 310 1969 439 2029; x_wconf 87' lang='lat' dir='ltr'>triremes</span> <span class='ocrx_word' id='word_1_95' title='bbox 449 1979 480 2028; x_wconf 88' lang='lat' dir='ltr'>et</span> <span class='ocrx_word' id='word_1_96' title='bbox 488 1965 597 2048; x_wconf 81' lang='lat' dir='ltr'>piretus</span> <span class='ocrx_word' id='word_1_97' title='bbox 612 1966 761 2048; x_wconf 85' lang='lat' dir='ltr'>quoslibet</span> <span class='ocrx_word' id='word_1_98' title='bbox 772 1977 860 2047; x_wconf 90' lang='lat' dir='ltr'>portu</span> <span class='ocrx_word' id='word_1_99' title='bbox 871 1965 1063 2046; x_wconf 69' lang='lat' dir='ltr'>recepissent,</span> <span class='ocrx_word' id='word_1_100' title='bbox 1076 1961 1146 2021; x_wconf 88' lang='lat' dir='ltr'>nihil</span> <span class='ocrx_word' id='word_1_101' title='bbox 1159 1961 1191 2022; x_wconf 92' lang='lat' dir='ltr'>id</span> 
     </span>
     <span class='ocr_line' id='line_1_14' title="bbox 87 2055 1191 2138; baseline -0.004 -20"><span class='ocrx_word' id='word_1_102' title='bbox 87 2057 173 2119; x_wconf 78' lang='lat' dir='ltr'>vobis</span> <span class='ocrx_word' id='word_1_103' title='bbox 186 2077 265 2118; x_wconf 80' lang='lat' dir='ltr'>curer</span> <span class='ocrx_word' id='word_1_104' title='bbox 282 2059 350 2128; x_wconf 82' lang='lat' dir='ltr'>luit,</span> <span class='ocrx_word' id='word_1_105' title='bbox 365 2077 532 2138; x_wconf 78' lang='lat' dir='ltr'>quanquam</span> <span class='ocrx_word' id='word_1_106' title='bbox 545 2069 645 2138; x_wconf 84' lang='lat' dir='ltr'>aperte</span> <span class='ocrx_word' id='word_1_107' title='bbox 666 2060 696 2118; x_wconf 91' lang='lat' dir='ltr'>in</span> <span class='ocrx_word' id='word_1_108' title='bbox 718 2059 830 2120; x_wconf 83' lang='lat' dir='ltr'>foedere</span> <span class='ocrx_word' id='word_1_109' title='bbox 843 2057 985 2138; x_wconf 86' lang='lat' dir='ltr'>scriptum</span> <span class='ocrx_word' id='word_1_110' title='bbox 1006 2055 1055 2130; x_wconf 87' lang='lat' dir='ltr'>sit,</span> <span class='ocrx_word' id='word_1_111' title='bbox 1068 2074 1123 2136; x_wconf 92' lang='lat' dir='ltr'>pro</span> <span class='ocrx_word' id='word_1_112' title='bbox 1136 2055 1191 2114; x_wconf 85' lang='lat' dir='ltr'>lro·</span> 
     </span>
     <span class='ocr_line' id='line_1_15' title="bbox 89 2147 1192 2228; baseline -0.004 -18"><span class='ocrx_word' id='word_1_113' title='bbox 89 2149 188 2210; x_wconf 62' lang='lat' dir='ltr'>subus</span> <span class='ocrx_word' id='word_1_114' title='bbox 202 2168 268 2209; x_wconf 89' lang='lat' dir='ltr'>esse</span> <span class='ocrx_word' id='word_1_115' title='bbox 280 2147 445 2222; x_wconf 78' lang='lat' dir='ltr'>habendos,</span> <span class='ocrx_word' id='word_1_116' title='bbox 458 2150 624 2228; x_wconf 87' lang='lat' dir='ltr'>quicunque</span> <span class='ocrx_word' id='word_1_117' title='bbox 638 2149 669 2210; x_wconf 90' lang='lat' dir='ltr'>id</span> <span class='ocrx_word' id='word_1_118' title='bbox 682 2149 804 2210; x_wconf 77' lang='lat' dir='ltr'>faciunt.</span> <span class='ocrx_word' id='word_1_119' title='bbox 833 2149 950 2209; x_wconf 81' lang='lat' dir='ltr'>Rursus</span> <span class='ocrx_word' id='word_1_120' title='bbox 963 2148 1104 2228; x_wconf 89' lang='lat' dir='ltr'>peridem</span> <span class='ocrx_word' id='word_1_121' title='bbox 1116 2155 1192 2207; x_wconf 88' lang='lat' dir='ltr'>tem·</span> 
     </span>
     <span class='ocr_line' id='line_1_16' title="bbox 86 2239 1192 2324; baseline -0.002 -24"><span class='ocrx_word' id='word_1_122' title='bbox 86 2259 149 2324; x_wconf 86' lang='lat' dir='ltr'>pus</span> <span class='ocrx_word' id='word_1_123' title='bbox 163 2239 331 2320; x_wconf 85' lang='lat' dir='ltr'>Diopitlres,</span> <span class='ocrx_word' id='word_1_124' title='bbox 348 2241 431 2301; x_wconf 77' lang='lat' dir='ltr'>tacu</span> <span class='ocrx_word' id='word_1_125' title='bbox 451 2239 483 2299; x_wconf 90' lang='lat' dir='ltr'>in</span> <span class='ocrx_word' id='word_1_126' title='bbox 506 2241 656 2319; x_wconf 75' lang='lat' dir='ltr'>regionem</span> <span class='ocrx_word' id='word_1_127' title='bbox 679 2255 777 2300; x_wconf 82' lang='lat' dir='ltr'>meum</span> <span class='ocrx_word' id='word_1_128' title='bbox 798 2239 998 2320; x_wconf 84' lang='lat' dir='ltr'>impressione,</span> <span class='ocrx_word' id='word_1_129' title='bbox 1021 2259 1081 2300; x_wconf 89' lang='lat' dir='ltr'>non</span> <span class='ocrx_word' id='word_1_130' title='bbox 1103 2239 1192 2300; x_wconf 90' lang='lat' dir='ltr'>modo</span> 
     </span>
     <span class='ocr_line' id='line_1_17' title="bbox 90 2329 1192 2413; baseline -0.004 -19"><span class='ocrx_word' id='word_1_131' title='bbox 90 2331 244 2413; x_wconf 84' lang='lat' dir='ltr'>Crobylen</span> <span class='ocrx_word' id='word_1_132' title='bbox 261 2341 291 2393; x_wconf 90' lang='lat' dir='ltr'>et</span> <span class='ocrx_word' id='word_1_133' title='bbox 302 2331 464 2405; x_wconf 69' lang='lat' dir='ltr'>Tiristasin,</span> <span class='ocrx_word' id='word_1_134' title='bbox 478 2331 590 2392; x_wconf 84' lang='lat' dir='ltr'>civibus</span> <span class='ocrx_word' id='word_1_135' title='bbox 602 2331 634 2391; x_wconf 92' lang='lat' dir='ltr'>in</span> <span class='ocrx_word' id='word_1_136' title='bbox 648 2331 817 2391; x_wconf 80' lang='lat' dir='ltr'>servitutem</span> <span class='ocrx_word' id='word_1_137' title='bbox 830 2329 1116 2410; x_wconf 80' lang='lat' dir='ltr'>abductis,diripuit;</span> <span class='ocrx_word' id='word_1_138' title='bbox 1138 2329 1192 2390; x_wconf 88' lang='lat' dir='ltr'>scd</span> 
     </span>
     <span class='ocr_line' id='line_1_18' title="bbox 88 2416 1194 2507; baseline -0.006 -20"><span class='ocrx_word' id='word_1_139' title='bbox 88 2436 121 2487; x_wconf 85' lang='lat' dir='ltr'>et</span> <span class='ocrx_word' id='word_1_140' title='bbox 135 2416 288 2486; x_wconf 74' lang='lat' dir='ltr'>finitimam</span> <span class='ocrx_word' id='word_1_141' title='bbox 311 2423 467 2486; x_wconf 83' lang='lat' dir='ltr'>Thracium</span> <span class='ocrx_word' id='word_1_142' title='bbox 480 2423 639 2507; x_wconf 82' lang='lat' dir='ltr'>populsms</span> <span class='ocrx_word' id='word_1_143' title='bbox 661 2433 725 2492; x_wconf 87' lang='lat' dir='ltr'>est;</span> <span class='ocrx_word' id='word_1_144' title='bbox 747 2441 841 2503; x_wconf 88' lang='lat' dir='ltr'>eoque</span> <span class='ocrx_word' id='word_1_145' title='bbox 854 2421 974 2483; x_wconf 81' lang='lat' dir='ltr'>tundens</span> <span class='ocrx_word' id='word_1_146' title='bbox 988 2422 1128 2503; x_wconf 77' lang='lat' dir='ltr'>nequitie</span> <span class='ocrx_word' id='word_1_147' title='bbox 1141 2421 1194 2481; x_wconf 91' lang='lat' dir='ltr'>de-</span> 
     </span>
     <span class='ocr_line' id='line_1_19' title="bbox 88 2516 1196 2599; baseline -0.005 -18"><span class='ocrx_word' id='word_1_148' title='bbox 88 2519 180 2593; x_wconf 83' lang='lat' dir='ltr'>venit,</span> <span class='ocrx_word' id='word_1_149' title='bbox 193 2528 227 2580; x_wconf 89' lang='lat' dir='ltr'>ut</span> <span class='ocrx_word' id='word_1_150' title='bbox 240 2518 465 2599; x_wconf 80' lang='lat' dir='ltr'>Amphilochum</span> <span class='ocrx_word' id='word_1_151' title='bbox 478 2518 530 2598; x_wconf 90' lang='lat' dir='ltr'>qui</span> <span class='ocrx_word' id='word_1_152' title='bbox 543 2518 582 2578; x_wconf 92' lang='lat' dir='ltr'>de</span> <span class='ocrx_word' id='word_1_153' title='bbox 602 2517 724 2599; x_wconf 78' lang='lat' dir='ltr'>captivis</span> <span class='ocrx_word' id='word_1_154' title='bbox 744 2516 919 2577; x_wconf 77' lang='lat' dir='ltr'>redimendis</span> <span class='ocrx_word' id='word_1_155' title='bbox 938 2516 1055 2595; x_wconf 78' lang='lat' dir='ltr'>legetur</span> <span class='ocrx_word' id='word_1_156' title='bbox 1074 2524 1196 2576; x_wconf 83' lang='lat' dir='ltr'>venerut</span> 
     </span>
     <span class='ocr_line' id='line_1_20' title="bbox 89 2607 1194 2691; baseline -0.005 -18"><span class='ocrx_word' id='word_1_157' title='bbox 89 2611 346 2691; x_wconf 86' lang='lat' dir='ltr'>comprehensum,</span> <span class='ocrx_word' id='word_1_158' title='bbox 362 2620 394 2671; x_wconf 90' lang='lat' dir='ltr'>et</span> <span class='ocrx_word' id='word_1_159' title='bbox 406 2612 436 2669; x_wconf 89' lang='lat' dir='ltr'>in</span> <span class='ocrx_word' id='word_1_160' title='bbox 449 2620 610 2670; x_wconf 84' lang='lat' dir='ltr'>extremum</span> <span class='ocrx_word' id='word_1_161' title='bbox 633 2609 840 2669; x_wconf 80' lang='lat' dir='ltr'>necessitatem</span> <span class='ocrx_word' id='word_1_162' title='bbox 863 2608 1034 2682; x_wconf 76' lang='lat' dir='ltr'>adductum,</span> <span class='ocrx_word' id='word_1_163' title='bbox 1054 2628 1114 2669; x_wconf 90' lang='lat' dir='ltr'>non</span> <span class='ocrx_word' id='word_1_164' title='bbox 1136 2607 1194 2669; x_wconf 86' lang='lat' dir='ltr'>nisi</span> 
     </span>
     <span class='ocr_line' id='line_1_21' title="bbox 88 2699 1193 2781; baseline -0.001 -18"><span class='ocrx_word' id='word_1_165' title='bbox 88 2722 197 2764; x_wconf 85' lang='lat' dir='ltr'>noveru</span> <span class='ocrx_word' id='word_1_166' title='bbox 209 2703 325 2763; x_wconf 79' lang='lat' dir='ltr'>talentis</span> <span class='ocrx_word' id='word_1_167' title='bbox 338 2702 460 2763; x_wconf 83' lang='lat' dir='ltr'>extortis</span> <span class='ocrx_word' id='word_1_168' title='bbox 473 2702 623 2761; x_wconf 85' lang='lat' dir='ltr'>dimiserit.</span> <span class='ocrx_word' id='word_1_169' title='bbox 666 2700 707 2759; x_wconf 84' lang='lat' dir='ltr'>Et</span> <span class='ocrx_word' id='word_1_170' title='bbox 719 2699 785 2760; x_wconf 78' lang='lat' dir='ltr'>lresc</span> <span class='ocrx_word' id='word_1_171' title='bbox 798 2700 908 2781; x_wconf 90' lang='lat' dir='ltr'>populo</span> <span class='ocrx_word' id='word_1_172' title='bbox 922 2703 1101 2781; x_wconf 68' lang='lat' dir='ltr'>approbante</span> <span class='ocrx_word' id='word_1_173' title='bbox 1114 2700 1193 2763; x_wconf 82' lang='lat' dir='ltr'>iecit.</span> 
     </span>
     <span class='ocr_line' id='line_1_22' title="bbox 11 2792 1252 2879; baseline -0.002 -24"><span class='ocrx_word' id='word_1_174' title='bbox 11 2804 12 2809; x_wconf 77' lang='grc'>’</span> <span class='ocrx_word' id='word_1_175' title='bbox 89 2796 185 2874; x_wconf 79' lang='lat' dir='ltr'>Atqui</span> <span class='ocrx_word' id='word_1_176' title='bbox 198 2810 266 2855; x_wconf 89' lang='lat' dir='ltr'>cum</span> <span class='ocrx_word' id='word_1_177' title='bbox 279 2794 392 2855; x_wconf 74' lang='lat' dir='ltr'>ceteris</span> <span class='ocrx_word' id='word_1_178' title='bbox 413 2792 548 2854; x_wconf 72' lang='lat' dir='ltr'>omnr‘bm</span> <span class='ocrx_word' id='word_1_179' title='bbox 567 2810 734 2873; x_wconf 76' lang='lat' dir='ltr'>preconem</span> <span class='ocrx_word' id='word_1_180' title='bbox 757 2802 788 2852; x_wconf 93' lang='lat' dir='ltr'>et</span> <span class='ocrx_word' id='word_1_181' title='bbox 803 2793 917 2872; x_wconf 77' lang='lat' dir='ltr'>legetns</span> <span class='ocrx_word' id='word_1_182' title='bbox 940 2792 1047 2854; x_wconf 77' lang='lat' dir='ltr'>violare</span> <span class='ocrx_word' id='word_1_183' title='bbox 1069 2793 1191 2873; x_wconf 87' lang='lat' dir='ltr'>impium</span> <span class='ocrx_word' id='word_1_184' title='bbox 1246 2864 1252 2879; x_wconf 27' lang='grc' dir='ltr'>ἱ</span> 
     </span>
     <span class='ocr_line' id='line_1_23' title="bbox 90 2885 1193 2967; baseline 0 -20"><span class='ocrx_word' id='word_1_185' title='bbox 90 2887 218 2960; x_wconf 79' lang='lat' dir='ltr'>videtur,</span> <span class='ocrx_word' id='word_1_186' title='bbox 231 2900 294 2947; x_wconf 87' lang='lat' dir='ltr'>turn</span> <span class='ocrx_word' id='word_1_187' title='bbox 318 2886 398 2947; x_wconf 82' lang='lat' dir='ltr'>vobis</span> <span class='ocrx_word' id='word_1_188' title='bbox 418 2886 449 2947; x_wconf 90' lang='lat' dir='ltr'>in</span> <span class='ocrx_word' id='word_1_189' title='bbox 471 2886 582 2967; x_wconf 89' lang='lat' dir='ltr'>primis.</span> <span class='ocrx_word' id='word_1_190' title='bbox 625 2885 724 2958; x_wconf 85' lang='lat' dir='ltr'>Certe,</span> <span class='ocrx_word' id='word_1_191' title='bbox 738 2903 806 2947; x_wconf 85' lang='lat' dir='ltr'>cum</span> <span class='ocrx_word' id='word_1_192' title='bbox 819 2886 1011 2965; x_wconf 76' lang='lat' dir='ltr'>Megarenses</span> <span class='ocrx_word' id='word_1_193' title='bbox 1026 2886 1193 2947; x_wconf 82' lang='lat' dir='ltr'>Anthemo-</span> 
     </span>
     <span class='ocr_line' id='line_1_24' title="bbox 87 2977 1192 3061; baseline 0 -20"><span class='ocrx_word' id='word_1_194' title='bbox 87 2980 195 3051; x_wconf 86' lang='lat' dir='ltr'>critum</span> <span class='ocrx_word' id='word_1_195' title='bbox 208 2978 404 3057; x_wconf 68' lang='lat' dir='ltr'>sustollerent,</span> <span class='ocrx_word' id='word_1_196' title='bbox 415 2988 498 3039; x_wconf 79' lang='lat' dir='ltr'>tantu</span> <span class='ocrx_word' id='word_1_197' title='bbox 510 2977 662 3040; x_wconf 78' lang='lat' dir='ltr'>iracundis</span> <span class='ocrx_word' id='word_1_198' title='bbox 675 2980 802 3059; x_wconf 88' lang='lat' dir='ltr'>populus</span> <span class='ocrx_word' id='word_1_199' title='bbox 815 2980 932 3052; x_wconf 72' lang='lat' dir='ltr'>exarsit,</span> <span class='ocrx_word' id='word_1_200' title='bbox 944 2989 1038 3039; x_wconf 90' lang='lat' dir='ltr'>uteos</span> <span class='ocrx_word' id='word_1_201' title='bbox 1048 2980 1192 3061; x_wconf 79' lang='lat' dir='ltr'>mysteriis</span> 
     </span>
     <span class='ocr_line' id='line_1_25' title="bbox 88 3070 1190 3153; baseline 0 -22"><span class='ocrx_word' id='word_1_202' title='bbox 88 3071 272 3153; x_wconf 79' lang='lat' dir='ltr'>prohiberetr</span> <span class='ocrx_word' id='word_1_203' title='bbox 295 3072 362 3131; x_wconf 87' lang='lat' dir='ltr'>etin</span> <span class='ocrx_word' id='word_1_204' title='bbox 375 3081 596 3131; x_wconf 88' lang='lat' dir='ltr'>monumentum</span> <span class='ocrx_word' id='word_1_205' title='bbox 606 3070 716 3151; x_wconf 69' lang='lat' dir='ltr'>injurie</span> <span class='ocrx_word' id='word_1_206' title='bbox 726 3080 853 3132; x_wconf 74' lang='lat' dir='ltr'>statuam</span> <span class='ocrx_word' id='word_1_207' title='bbox 862 3080 931 3131; x_wconf 86' lang='lat' dir='ltr'>ente</span> <span class='ocrx_word' id='word_1_208' title='bbox 943 3082 1042 3152; x_wconf 83' lang='lat' dir='ltr'>portus</span> <span class='ocrx_word' id='word_1_209' title='bbox 1055 3072 1190 3152; x_wconf 78' lang='lat' dir='ltr'>erigeret.</span> 
     </span>
     <span class='ocr_line' id='line_1_26' title="bbox 89 3162 1191 3244; baseline 0 -19"><span class='ocrx_word' id='word_1_210' title='bbox 89 3166 156 3225; x_wconf 87' lang='lat' dir='ltr'>Cur</span> <span class='ocrx_word' id='word_1_211' title='bbox 163 3163 251 3240; x_wconf 84' lang='lat' dir='ltr'>igitur</span> <span class='ocrx_word' id='word_1_212' title='bbox 263 3180 321 3221; x_wconf 92' lang='lat' dir='ltr'>non</span> <span class='ocrx_word' id='word_1_213' title='bbox 336 3162 538 3242; x_wconf 75' lang='lat' dir='ltr'>gravissimum</span> <span class='ocrx_word' id='word_1_214' title='bbox 553 3164 601 3237; x_wconf 87' lang='lat' dir='ltr'>sit,</span> <span class='ocrx_word' id='word_1_215' title='bbox 612 3183 665 3224; x_wconf 84' lang='lat' dir='ltr'>vos</span> <span class='ocrx_word' id='word_1_216' title='bbox 679 3162 759 3243; x_wconf 89' lang='lat' dir='ltr'>ipsos</span> <span class='ocrx_word' id='word_1_217' title='bbox 772 3182 852 3224; x_wconf 90' lang='lat' dir='ltr'>nunc</span> <span class='ocrx_word' id='word_1_218' title='bbox 864 3182 902 3224; x_wconf 85' lang='lat' dir='ltr'>eu</span> <span class='ocrx_word' id='word_1_219' title='bbox 912 3163 1021 3239; x_wconf 80' lang='lat' dir='ltr'>lucere,</span> <span class='ocrx_word' id='word_1_220' title='bbox 1032 3183 1099 3244; x_wconf 82' lang='lat' dir='ltr'>que</span> <span class='ocrx_word' id='word_1_221' title='bbox 1111 3166 1191 3225; x_wconf 82' lang='lat' dir='ltr'>factu</span> 
     </span>
     <span class='ocr_line' id='line_1_27' title="bbox 86 3252 660 3333; baseline -0.007 -16"><span class='ocrx_word' id='word_1_222' title='bbox 86 3258 128 3317; x_wconf 85' lang='lat' dir='ltr'>eb</span> <span class='ocrx_word' id='word_1_223' title='bbox 144 3252 209 3316; x_wconf 84' lang='lat' dir='ltr'>ullis</span> <span class='ocrx_word' id='word_1_224' title='bbox 221 3260 282 3311; x_wconf 80' lang='lat' dir='ltr'>tum</span> <span class='ocrx_word' id='word_1_225' title='bbox 295 3252 401 3333; x_wconf 89' lang='lat' dir='ltr'>iniquis</span> <span class='ocrx_word' id='word_1_226' title='bbox 415 3254 518 3315; x_wconf 79' lang='lat' dir='ltr'>animis</span> <span class='ocrx_word' id='word_1_227' title='bbox 530 3253 660 3315; x_wconf 82' lang='lat' dir='ltr'>tulistisi</span> 
     </span>
    </p>

    <p class='ocr_par' dir='ltr' id='par_1_5' title="bbox 10 3344 1191 3799">
     <span class='ocr_line' id='line_1_28' title="bbox 131 3344 1191 3427; baseline -0.002 -19"><span class='ocrx_word' id='word_1_228' title='bbox 131 3349 162 3408; x_wconf 83' lang='grc'>3.</span> <span class='ocrx_word' id='word_1_229' title='bbox 185 3345 341 3417; x_wconf 79' lang='lat' dir='ltr'>Praetereu,</span> <span class='ocrx_word' id='word_1_230' title='bbox 356 3344 465 3407; x_wconf 79' lang='lat' dir='ltr'>Cellius</span> <span class='ocrx_word' id='word_1_231' title='bbox 478 3355 575 3407; x_wconf 80' lang='lat' dir='ltr'>vester</span> <span class='ocrx_word' id='word_1_232' title='bbox 596 3346 851 3425; x_wconf 79' lang='lat' dir='ltr'>imperatorurbes</span> <span class='ocrx_word' id='word_1_233' title='bbox 870 3346 901 3407; x_wconf 92' lang='lat' dir='ltr'>in</span> <span class='ocrx_word' id='word_1_234' title='bbox 923 3346 990 3406; x_wconf 90' lang='lat' dir='ltr'>sinu</span> <span class='ocrx_word' id='word_1_235' title='bbox 1011 3344 1191 3427; x_wconf 80' lang='lat' dir='ltr'>Pugssiteno</span> 
     </span>
     <span class='ocr_line' id='line_1_29' title="bbox 10 3436 1190 3521; baseline 0.003 -24"><span class='ocrx_word' id='word_1_236' title='bbox 10 3486 12 3497; x_wconf 77' lang='grc'>,</span> <span class='ocrx_word' id='word_1_237' title='bbox 89 3444 164 3504; x_wconf 79' lang='lat' dir='ltr'>sites</span> <span class='ocrx_word' id='word_1_238' title='bbox 183 3438 334 3499; x_wconf 81' lang='lat' dir='ltr'>universes</span> <span class='ocrx_word' id='word_1_239' title='bbox 358 3438 445 3519; x_wconf 89' lang='lat' dir='ltr'>cepit,</span> <span class='ocrx_word' id='word_1_240' title='bbox 459 3438 540 3499; x_wconf 80' lang='lat' dir='ltr'>vobis</span> <span class='ocrx_word' id='word_1_241' title='bbox 554 3436 672 3511; x_wconf 77' lang='lat' dir='ltr'>ledere,</span> <span class='ocrx_word' id='word_1_242' title='bbox 685 3438 756 3498; x_wconf 91' lang='lat' dir='ltr'>mihi</span> <span class='ocrx_word' id='word_1_243' title='bbox 775 3440 915 3499; x_wconf 71' lang='lat' dir='ltr'>societate</span> <span class='ocrx_word' id='word_1_244' title='bbox 928 3439 1116 3520; x_wconf 74' lang='lat' dir='ltr'>conjunctus:</span> <span class='ocrx_word' id='word_1_245' title='bbox 1138 3442 1190 3521; x_wconf 88' lang='lat' dir='ltr'>qui</span> 
     </span>
     <span class='ocr_line' id='line_1_30' title="bbox 86 3530 1190 3610; baseline -0.002 -15"><span class='ocrx_word' id='word_1_246' title='bbox 86 3552 158 3597; x_wconf 82' lang='lat' dir='ltr'>vero</span> <span class='ocrx_word' id='word_1_247' title='bbox 172 3533 204 3593; x_wconf 91' lang='lat' dir='ltr'>in</span> <span class='ocrx_word' id='word_1_248' title='bbox 218 3531 424 3595; x_wconf 72' lang='lat' dir='ltr'>Macedonium</span> <span class='ocrx_word' id='word_1_249' title='bbox 437 3531 626 3610; x_wconf 75' lang='lat' dir='ltr'>navigabunt,</span> <span class='ocrx_word' id='word_1_250' title='bbox 644 3548 695 3591; x_wconf 86' lang='lat' dir='ltr'>eos</span> <span class='ocrx_word' id='word_1_251' title='bbox 714 3548 815 3590; x_wconf 81' lang='lat' dir='ltr'>omnes</span> <span class='ocrx_word' id='word_1_252' title='bbox 827 3530 957 3593; x_wconf 82' lang='lat' dir='ltr'>hostium</span> <span class='ocrx_word' id='word_1_253' title='bbox 968 3530 1034 3595; x_wconf 90' lang='lat' dir='ltr'>loco</span> <span class='ocrx_word' id='word_1_254' title='bbox 1045 3532 1150 3593; x_wconf 79' lang='lat' dir='ltr'>hebuit</span> <span class='ocrx_word' id='word_1_255' title='bbox 1159 3543 1190 3594; x_wconf 92' lang='lat' dir='ltr'>et</span> 
     </span>
     <span class='ocr_line' id='line_1_31' title="bbox 88 3622 1191 3707; baseline -0.002 -18"><span class='ocrx_word' id='word_1_256' title='bbox 88 3626 240 3695; x_wconf 75' lang='lat' dir='ltr'>vendiditr</span> <span class='ocrx_word' id='word_1_257' title='bbox 261 3632 293 3686; x_wconf 89' lang='lat' dir='ltr'>et</span> <span class='ocrx_word' id='word_1_258' title='bbox 310 3634 431 3707; x_wconf 90' lang='lat' dir='ltr'>propter</span> <span class='ocrx_word' id='word_1_259' title='bbox 452 3624 518 3684; x_wconf 71' lang='lat' dir='ltr'>herc</span> <span class='ocrx_word' id='word_1_260' title='bbox 541 3622 673 3684; x_wconf 80' lang='lat' dir='ltr'>facinore</span> <span class='ocrx_word' id='word_1_261' title='bbox 690 3641 744 3684; x_wconf 82' lang='lat' dir='ltr'>ros</span> <span class='ocrx_word' id='word_1_262' title='bbox 757 3642 826 3685; x_wconf 90' lang='lat' dir='ltr'>eurn</span> <span class='ocrx_word' id='word_1_263' title='bbox 838 3624 962 3705; x_wconf 78' lang='lat' dir='ltr'>publicis</span> <span class='ocrx_word' id='word_1_264' title='bbox 974 3627 1127 3707; x_wconf 75' lang='lat' dir='ltr'>preconiis</span> <span class='ocrx_word' id='word_1_265' title='bbox 1141 3646 1191 3687; x_wconf 91' lang='lat' dir='ltr'>or·</span> 
     </span>
     <span class='ocr_line' id='line_1_32' title="bbox 88 3708 1190 3799; baseline -0.002 -18"><span class='ocrx_word' id='word_1_266' title='bbox 88 3720 202 3781; x_wconf 85' lang='lat' dir='ltr'>uestis:</span> <span class='ocrx_word' id='word_1_267' title='bbox 223 3736 315 3799; x_wconf 86' lang='lat' dir='ltr'>quere</span> <span class='ocrx_word' id='word_1_268' title='bbox 327 3716 415 3779; x_wconf 82' lang='lat' dir='ltr'>vulde</span> <span class='ocrx_word' id='word_1_269' title='bbox 429 3708 541 3790; x_wconf 80' lang='lat' dir='ltr'>dubito,</span> <span class='ocrx_word' id='word_1_270' title='bbox 557 3716 628 3796; x_wconf 91' lang='lat' dir='ltr'>quid</span> <span class='ocrx_word' id='word_1_271' title='bbox 642 3716 688 3777; x_wconf 90' lang='lat' dir='ltr'>his</span> <span class='ocrx_word' id='word_1_272' title='bbox 700 3734 755 3797; x_wconf 92' lang='lat' dir='ltr'>per</span> <span class='ocrx_word' id='word_1_273' title='bbox 767 3735 819 3777; x_wconf 82' lang='lat' dir='ltr'>ros</span> <span class='ocrx_word' id='word_1_274' title='bbox 831 3716 918 3799; x_wconf 86' lang='lat' dir='ltr'>udjici</span> <span class='ocrx_word' id='word_1_275' title='bbox 930 3730 1041 3799; x_wconf 85' lang='lat' dir='ltr'>posset,</span> <span class='ocrx_word' id='word_1_276' title='bbox 1054 3721 1077 3780; x_wconf 89' lang='lat' dir='ltr'>si</span> <span class='ocrx_word' id='word_1_277' title='bbox 1092 3720 1190 3799; x_wconf 82' lang='lat' dir='ltr'>pelam</span> 
     </span>
    </p>
   </div>
   <div class='ocr_carea' id='block_1_4' title="bbox 90 3808 1282 3890">
    <p class='ocr_par' dir='ltr' id='par_1_6' title="bbox 90 3808 1282 3890">
     <span class='ocr_line' id='line_1_33' title="bbox 90 3808 1282 3890; baseline -0.002 -19"><span class='ocrx_word' id='word_1_278' title='bbox 90 3830 206 3873; x_wconf 86' lang='lat' dir='ltr'>mecum</span> <span class='ocrx_word' id='word_1_279' title='bbox 223 3810 333 3872; x_wconf 90' lang='lat' dir='ltr'>bellurn</span> <span class='ocrx_word' id='word_1_280' title='bbox 356 3809 512 3890; x_wconf 73' lang='lat' dir='ltr'>gereretis:</span> <span class='ocrx_word' id='word_1_281' title='bbox 534 3828 603 3871; x_wconf 88' lang='lat' dir='ltr'>nsrn</span> <span class='ocrx_word' id='word_1_282' title='bbox 625 3828 694 3869; x_wconf 89' lang='lat' dir='ltr'>cnm</span> <span class='ocrx_word' id='word_1_283' title='bbox 716 3808 799 3869; x_wconf 89' lang='lat' dir='ltr'>hund</span> <span class='ocrx_word' id='word_1_284' title='bbox 821 3810 934 3871; x_wconf 85' lang='lat' dir='ltr'>occulte</span> <span class='ocrx_word' id='word_1_285' title='bbox 957 3812 1187 3882; x_wconf 82' lang='lat' dir='ltr'>dissentiremus,</span> <span class='ocrx_word' id='word_1_286' title='bbox 1277 3823 1282 3833; x_wconf 66' lang='lat'><strong><em>⁴</em></strong></span> 
     </span>
    </p>
   </div>
   <div class='ocr_carea' id='block_1_5' title="bbox 88 3900 1189 4543">
    <p class='ocr_par' dir='ltr' id='par_1_7' title="bbox 88 3900 1189 4543">
     <span class='ocr_line' id='line_1_34' title="bbox 88 3900 1189 3985; baseline -0.002 -21"><span class='ocrx_word' id='word_1_287' title='bbox 88 3904 242 3982; x_wconf 75' lang='lat' dir='ltr'>predones</span> <span class='ocrx_word' id='word_1_288' title='bbox 252 3900 439 3975; x_wconf 84' lang='lat' dir='ltr'>emittebutis,</span> <span class='ocrx_word' id='word_1_289' title='bbox 452 3921 503 3962; x_wconf 94' lang='lat' dir='ltr'>eos</span> <span class='ocrx_word' id='word_1_290' title='bbox 517 3902 567 3981; x_wconf 93' lang='lat' dir='ltr'>qui</span> <span class='ocrx_word' id='word_1_291' title='bbox 580 3902 618 3962; x_wconf 88' lang='lat' dir='ltr'>ed</span> <span class='ocrx_word' id='word_1_292' title='bbox 631 3920 686 3962; x_wconf 89' lang='lat' dir='ltr'>nos</span> <span class='ocrx_word' id='word_1_293' title='bbox 699 3902 878 3983; x_wconf 76' lang='lat' dir='ltr'>navigabunt</span> <span class='ocrx_word' id='word_1_294' title='bbox 889 3905 1070 3985; x_wconf 70' lang='lat' dir='ltr'>tendebatis,</span> <span class='ocrx_word' id='word_1_295' title='bbox 1085 3904 1189 3965; x_wconf 83' lang='lat' dir='ltr'>edver-</span> 
     </span>
     <span class='ocr_line' id='line_1_35' title="bbox 89 3994 1188 4077; baseline -0.002 -22"><span class='ocrx_word' id='word_1_296' title='bbox 89 3997 182 4057; x_wconf 87' lang='lat' dir='ltr'>ssrios</span> <span class='ocrx_word' id='word_1_297' title='bbox 194 4007 309 4057; x_wconf 86' lang='lat' dir='ltr'>nostros</span> <span class='ocrx_word' id='word_1_298' title='bbox 318 3994 476 4077; x_wconf 81' lang='lat' dir='ltr'>jurebetis,</span> <span class='ocrx_word' id='word_1_299' title='bbox 485 4014 609 4075; x_wconf 84' lang='lat' dir='ltr'>regnum</span> <span class='ocrx_word' id='word_1_300' title='bbox 619 4013 716 4055; x_wconf 87' lang='lat' dir='ltr'>meum</span> <span class='ocrx_word' id='word_1_301' title='bbox 730 3994 925 4058; x_wconf 81' lang='lat' dir='ltr'>insertsbutis.</span> <span class='ocrx_word' id='word_1_302' title='bbox 966 3998 1014 4056; x_wconf 81' lang='lat' dir='ltr'>Ad</span> <span class='ocrx_word' id='word_1_303' title='bbox 1028 4014 1093 4056; x_wconf 87' lang='lat' dir='ltr'>esm</span> <span class='ocrx_word' id='word_1_304' title='bbox 1103 3995 1188 4054; x_wconf 90' lang='lat' dir='ltr'>deni·</span> 
     </span>
     <span class='ocr_line' id='line_1_36' title="bbox 90 4086 1187 4168; baseline -0.002 -20"><span class='ocrx_word' id='word_1_305' title='bbox 90 4106 148 4167; x_wconf 86' lang='lat' dir='ltr'>que</span> <span class='ocrx_word' id='word_1_306' title='bbox 161 4089 344 4167; x_wconf 80' lang='lat' dir='ltr'>iniquitatem</span> <span class='ocrx_word' id='word_1_307' title='bbox 357 4097 389 4149; x_wconf 88' lang='lat' dir='ltr'>et</span> <span class='ocrx_word' id='word_1_308' title='bbox 408 4086 517 4148; x_wconf 82' lang='lat' dir='ltr'>hostile</span> <span class='ocrx_word' id='word_1_309' title='bbox 530 4088 629 4148; x_wconf 89' lang='lat' dir='ltr'>odium</span> <span class='ocrx_word' id='word_1_310' title='bbox 643 4088 792 4168; x_wconf 77' lang='lat' dir='ltr'>progressi</span> <span class='ocrx_word' id='word_1_311' title='bbox 805 4088 889 4158; x_wconf 87' lang='lat' dir='ltr'>estis,</span> <span class='ocrx_word' id='word_1_312' title='bbox 911 4098 945 4147; x_wconf 91' lang='lat' dir='ltr'>ut</span> <span class='ocrx_word' id='word_1_313' title='bbox 965 4088 1052 4147; x_wconf 89' lang='lat' dir='ltr'>etism</span> <span class='ocrx_word' id='word_1_314' title='bbox 1076 4086 1187 4159; x_wconf 82' lang='lat' dir='ltr'>Persae,</span> 
     </span>
     <span class='ocr_line' id='line_1_37' title="bbox 89 4178 1187 4261; baseline 0.002 -20"><span class='ocrx_word' id='word_1_315' title='bbox 89 4182 187 4260; x_wconf 81' lang='lat' dir='ltr'>missis</span> <span class='ocrx_word' id='word_1_316' title='bbox 199 4182 315 4261; x_wconf 78' lang='lat' dir='ltr'>legetis,</span> <span class='ocrx_word' id='word_1_317' title='bbox 327 4180 504 4261; x_wconf 84' lang='lat' dir='ltr'>persuadere</span> <span class='ocrx_word' id='word_1_318' title='bbox 518 4180 697 4252; x_wconf 87' lang='lat' dir='ltr'>studueritis,</span> <span class='ocrx_word' id='word_1_319' title='bbox 720 4192 754 4241; x_wconf 92' lang='lat' dir='ltr'>ut</span> <span class='ocrx_word' id='word_1_320' title='bbox 770 4180 842 4240; x_wconf 87' lang='lat' dir='ltr'>mihi</span> <span class='ocrx_word' id='word_1_321' title='bbox 862 4180 975 4241; x_wconf 91' lang='lat' dir='ltr'>bellum</span> <span class='ocrx_word' id='word_1_322' title='bbox 997 4178 1132 4249; x_wconf 78' lang='lat' dir='ltr'>inferret3</span> <span class='ocrx_word' id='word_1_323' title='bbox 1154 4180 1187 4243; x_wconf 94' lang='lat' dir='ltr'>id</span> 
     </span>
     <span class='ocr_line' id='line_1_38' title="bbox 90 4270 1188 4354; baseline 0.004 -21"><span class='ocrx_word' id='word_1_324' title='bbox 90 4274 171 4353; x_wconf 89' lang='lat' dir='ltr'>quod</span> <span class='ocrx_word' id='word_1_325' title='bbox 192 4274 317 4335; x_wconf 81' lang='lat' dir='ltr'>maxime</span> <span class='ocrx_word' id='word_1_326' title='bbox 340 4274 433 4354; x_wconf 88' lang='lat' dir='ltr'>quivis</span> <span class='ocrx_word' id='word_1_327' title='bbox 455 4274 629 4334; x_wconf 81' lang='lat' dir='ltr'>demiretur:</span> <span class='ocrx_word' id='word_1_328' title='bbox 661 4282 818 4353; x_wconf 77' lang='lat' dir='ltr'>antequem</span> <span class='ocrx_word' id='word_1_329' title='bbox 841 4272 917 4331; x_wconf 87' lang='lat' dir='ltr'>enim</span> <span class='ocrx_word' id='word_1_330' title='bbox 936 4272 959 4331; x_wconf 90' lang='lat' dir='ltr'>is</span> <span class='ocrx_word' id='word_1_331' title='bbox 978 4270 1136 4353; x_wconf 81' lang='lat' dir='ltr'>AEgypturn</span> <span class='ocrx_word' id='word_1_332' title='bbox 1156 4286 1188 4337; x_wconf 91' lang='lat' dir='ltr'>et</span> 
     </span>
     <span class='ocr_line' id='line_1_39' title="bbox 92 4363 1186 4447; baseline 0.004 -21"><span class='ocrx_word' id='word_1_333' title='bbox 92 4366 272 4428; x_wconf 83' lang='lat' dir='ltr'>Plroenicism</span> <span class='ocrx_word' id='word_1_334' title='bbox 286 4366 418 4447; x_wconf 86' lang='lat' dir='ltr'>cepisset,</span> <span class='ocrx_word' id='word_1_335' title='bbox 430 4366 633 4437; x_wconf 80' lang='lat' dir='ltr'>decreveratis,</span> <span class='ocrx_word' id='word_1_336' title='bbox 644 4364 711 4425; x_wconf 84' lang='lat' dir='ltr'>utri</span> <span class='ocrx_word' id='word_1_337' title='bbox 721 4364 892 4443; x_wconf 83' lang='lat' dir='ltr'>quodnovse</span> <span class='ocrx_word' id='word_1_338' title='bbox 906 4363 948 4425; x_wconf 91' lang='lat' dir='ltr'>rei</span> <span class='ocrx_word' id='word_1_339' title='bbox 956 4364 1112 4440; x_wconf 90' lang='lat' dir='ltr'>moliretur,</span> <span class='ocrx_word' id='word_1_340' title='bbox 1126 4388 1186 4431; x_wconf 92' lang='lat' dir='ltr'>non</span> 
     </span>
     <span class='ocr_line' id='line_1_40' title="bbox 89 4456 1184 4543; baseline -0.004 -20"><span class='ocrx_word' id='word_1_341' title='bbox 89 4460 185 4523; x_wconf 88' lang='lat' dir='ltr'>minus</span> <span class='ocrx_word' id='word_1_342' title='bbox 198 4480 265 4543; x_wconf 72' lang='lat' dir='ltr'>ego,</span> <span class='ocrx_word' id='word_1_343' title='bbox 278 4480 368 4541; x_wconf 84' lang='lat' dir='ltr'>quem</span> <span class='ocrx_word' id='word_1_344' title='bbox 381 4461 483 4523; x_wconf 80' lang='lat' dir='ltr'>ceteri</span> <span class='ocrx_word' id='word_1_345' title='bbox 499 4458 595 4521; x_wconf 78' lang='lat' dir='ltr'>Greci</span> <span class='ocrx_word' id='word_1_346' title='bbox 617 4476 729 4532; x_wconf 87' lang='lat' dir='ltr'>ornnes,</span> <span class='ocrx_word' id='word_1_347' title='bbox 753 4456 894 4518; x_wconf 69' lang='lat' dir='ltr'>adversus</span> <span class='ocrx_word' id='word_1_348' title='bbox 913 4476 980 4519; x_wconf 90' lang='lat' dir='ltr'>eum</span> <span class='ocrx_word' id='word_1_349' title='bbox 1002 4479 1184 4527; x_wconf 64' lang='lat' dir='ltr'>occemeren</span> 
     </span>
    </p>
   </div>
   <div class='ocr_carea' id='block_1_6' title="bbox 629 4578 651 4627">
    <p class='ocr_par' dir='ltr' id='par_1_8' title="bbox 629 4578 651 4627">
     <span class='ocr_line' id='line_1_41' title="bbox 629 4578 651 4627; baseline 0 0"><span class='ocrx_word' id='word_1_350' title='bbox 629 4578 651 4627; x_wconf 77' lang='lat' dir='ltr'>Q</span> 
     </span>
    </p>
   </div>
   <div class='ocr_carea' id='block_1_7' title="bbox 0 0 1472 5000">
    <p class='ocr_par' dir='ltr' id='par_1_9' title="bbox 0 0 1472 5000">
     <span class='ocr_line' id='line_1_42' title="bbox 0 0 1472 5000; baseline 0 0"><span class='ocrx_word' id='word_1_351' title='bbox 0 0 1472 5000; x_wconf 95' lang='lat' dir='ltr'> </span> 
     </span>
    </p>
   </div>
  </div>
 </body>
</html>
