2934 5000
510 323 784 392 onrnrrrmcr
807 315 855 384 ιιι
875 324 924 405 (ι).
1086 290 1088 293 ’
1216 331 1252 388 41

151 473 311 558 Olynthios
338 479 369 538 in
393 457 560 560 Philippum
582 499 647 542 esse
666 481 878 555 concitandos,
891 479 924 541 id
941 481 1018 542 ultro
1037 500 1117 543 nunc
1137 474 1255 554 accidit,

149 587 244 647 eaque
253 573 365 632 ratione
378 591 436 652 qua
448 575 572 634 maxime
585 573 668 636 robis
692 567 838 653 expediat.
874 573 953 633 Nam
975 573 1001 632 si
1014 573 1254 653 restroimpulsu

143 660 263 720 bellum
280 664 488 744 suscepissent,
502 653 575 728 socii
587 666 711 726 fortasse
726 685 830 745 parum
842 665 916 726 firmi
931 672 1019 743 atque
1032 666 1072 724 ad
1089 674 1206 745 tempus
1219 665 1251 724 in

148 771 186 813 aa
204 756 350 816 sententia
368 756 513 818 fuissent:
534 755 670 836 quoniam
690 753 870 819 autemeam
887 759 926 819 ob
948 756 1030 816 illata
1050 755 1106 816 sibi
1128 757 1251 818 camina

148 845 284 921 odarum,
299 849 397 909 firmas
420 844 471 910 eos
492 849 642 930 probabile
658 859 705 909 est
720 869 789 911 cam
808 869 858 922 eo,
869 850 989 930 propter
1005 869 1042 910 ea
1053 869 1121 928 quae
1137 860 1168 910 et
1188 869 1250 910 me·

148 948 237 999 tuunt
245 949 276 1000 et
288 943 420 1022 perpessi
433 954 512 1016 sunt,
527 961 627 1022 gerere
635 942 809 1004 inimicitias.
828 945 927 1012 Quare
934 963 995 1022 nou
1006 943 1186 1023 negligenda
1193 953 1250 1018 est,

147 1031 353 1105 Athenienses,
363 1034 431 1094 telis
441 1033 541 1094 oblata
547 1033 674 1106 occasio,
683 1054 780 1121 neque
792 1037 1009 1111 ommittendum
1022 1044 1056 1108 ut
1074 1036 1152 1096 idern
1163 1036 1246 1098 vobis

145 1124 263 1186 accidat
271 1127 352 1206 quod
362 1145 441 1206 saepe
451 1127 513 1206 jam
525 1125 606 1205 prius
616 1125 732 1186 accidit.
756 1127 789 1187 st
801 1129 890 1201 enim,
904 1148 971 1188 cum
979 1128 1106 1188 defensis
1119 1148 1175 1189 nos
1183 1128 1244 1188 Eu·

145 1216 313 1279 barensibus
323 1218 494 1288 rediremus,
504 1217 682 1297 aderantque
695 1218 805 1280 Hieran
815 1231 847 1281 et
857 1221 1018 1282 Stratocles
1026 1220 1246 1301 Amphipolitss,

146 1310 209 1388 qui,
218 1321 358 1392 suggestu
368 1309 425 1371 hoc
435 1305 609 1381 conscenso,
622 1310 734 1372 solvere
748 1331 803 1372 uos
808 1314 947 1392 juberent
953 1315 1110 1393 urbemque
1119 1332 1202 1374 suam
1212 1314 1244 1373 in

145 1401 235 1462 iidem
249 1405 387 1483 racipere,
401 1403 480 1462 idem
499 1423 518 1462 a
541 1403 625 1462 nobis
649 1400 779 1462 studium
800 1404 936 1464 curandis
961 1405 1122 1464 commodis
1139 1405 1247 1465 nostris

142 1491 250 1552 datum
268 1495 345 1554 foret
358 1489 436 1574 quod
450 1494 661 1554 Euboeensium
680 1495 780 1564 saluti,
800 1495 977 1555 habuissetis
996 1506 1069 1558 mne
1086 1490 1247 1575 Amphipo-

142 1583 196 1641 lim
220 1588 375 1666 omniaque
395 1585 446 1646 illa
465 1605 531 1666 qna·
558 1585 665 1646 deiude
688 1595 791 1646 secuta
810 1595 883 1646 sunt
909 1584 1086 1664 effugissetis
1111 1587 1244 1666 negotia.

143 1673 274 1751 Rursus,
287 1697 353 1738 cum
375 1677 520 1757 Pydnam,
535 1675 707 1750 Potidaeam,
723 1677 906 1748 Mathonem,
921 1675 1063 1755 Pagasas,
1078 1687 1195 1747 caetera,
1208 1697 1247 1738 ne

143 1766 265 1846 singulis
273 1767 532 1830 commemorandis
542 1770 687 1838 immorer,
697 1768 825 1828 obsideri
835 1769 1027 1841 nuntiaretur,
1038 1768 1063 1829 si
1074 1779 1136 1829 tum
1146 1769 1247 1830 barum

143 1862 259 1922 urbium
277 1863 329 1923 uni
339 1861 428 1923 alicui
441 1863 566 1942 primum
580 1859 715 1922 alacriter
729 1871 762 1921 et
774 1871 809 1920 ut
823 1860 964 1920 decuerat
976 1881 1062 1940 opem
1075 1863 1246 1923 tulissemus

142 1957 210 2038 ipsi,
231 1956 351 2016 faciliori
371 1974 449 2014 nunc
469 1953 620 2033 multoque
632 1953 777 2013 humiliori
800 1962 948 2012 uteremur
963 1953 1109 2033 Philippo.
1146 1953 1246 2028 Nunc,

143 2052 215 2110 dum
228 2048 385 2128 praesentia
399 2064 514 2123 semper
527 2046 694 2116 emittimus,
710 2055 742 2105 et
754 2045 855 2104 lutura
867 2063 922 2105 sua
933 2053 1038 2124 sponte
1052 2064 1085 2106 se
1097 2055 1178 2107 recte
1190 2047 1246 2107 ha·
1309 2072 1313 2080 ·

138 2145 240 2204 bitura
260 2141 424 2221 opinamur,
448 2135 592 2207 auximus,
609 2135 815 2208 Athenienses,
827 2136 995 2216 Philippum
1008 2157 1064 2198 nos
1081 2147 1113 2197 et
1129 2149 1245 2200 tantum

139 2234 303 2306 effecimus,
318 2239 445 2311 quantus
458 2246 543 2288 nemo
556 2245 686 2306 unquam
699 2246 751 2286 rex
760 2227 818 2286 fuit
828 2228 1022 2288 Macedoniae.
1047 2229 1136 2289 Nunc
1147 2241 1244 2291 autem

139 2326 259 2387 occasio
272 2325 350 2385 veuit
363 2342 399 2382 ea
412 2322 478 2394 ista,
492 2339 552 2400 qqoe
565 2339 602 2380 ex
617 2317 763 2400 Olynthiis
774 2319 969 2394 prrficiscitur,
983 2330 1088 2399 sponte
1100 2341 1165 2393 sua,
1174 2323 1245 2383 civi·

141 2419 205 2490 tati,
222 2437 289 2497 quae
302 2416 365 2476 ulla
379 2413 507 2495 priorum
520 2412 635 2473 illarum
648 2431 706 2470 non
720 2423 766 2483 est
778 2409 912 2470 deterior.

72 2532 77 2539 ·
183 2514 220 2572 5.’
232 2511 278 2571 Ac
291 2512 315 2571 si
329 2506 404 2589 quis,
415 2504 531 2567 utmihi
547 2506 666 2586 quidem
678 2505 804 2578 videtur,
819 2504 919 2565 eorum
940 2528 1007 2587 quae
1022 2526 1076 2588 pro
1098 2510 1184 2568 uobis
1202 2508 1243 2569 dii

139 2605 271 2665 iecerunt
289 2614 371 2663 recte
392 2598 589 2671 aestimaverit,
603 2599 638 2671 is,
651 2599 769 2658 tametsi
782 2598 873 2658 multa
885 2618 945 2659 non
966 2602 1009 2660 ita
1026 2602 1084 2660 sint
1102 2613 1137 2660 ut
1157 2620 1243 2681 opor-

140 2697 203 2768 tuit,
218 2714 355 2776 magnam
369 2705 467 2755 tamen
481 2692 551 2771 ipsis
566 2690 687 2771 gratiam
696 2688 775 2749 haud
786 2690 928 2751 immerito
939 2692 978 2751 sit
986 2692 1157 2753 habiturus:
1171 2713 1240 2753 narn

140 2788 220 2867 quod
231 2787 325 2849 multa
337 2788 416 2847 bello
430 2784 591 2859 arrisimus,
605 2782 635 2842 id
649 2782 837 2862 negligentiae
849 2792 958 2845 nostrae
968 2794 1122 2865 acceptum
1135 2786 1244 2847 referre

135 2884 204 2960 y'ure
218 2880 282 2959 quis
297 2878 401 2959 possit,
415 2875 497 2958 quod
508 2884 605 2935 autem
618 2895 713 2955 neque
724 2874 859 2935 olimboc
870 2876 993 2950 iactum,
1007 2886 1039 2935 et
1051 2885 1171 2936 ostensa
1179 2877 1241 2957 jam

139 2972 225 3034 nobis
241 2980 286 3031 cst
298 2966 432 3051 quaedam
448 2967 574 3029 ancletus
595 2986 662 3045 quse
675 2968 743 3024 haec
763 2980 913 3024 momento
934 2988 989 3026 suo
1007 2968 1136 3038 libraret,
1151 2969 1240 3031 modo

138 3064 182 3126 uti
194 3064 326 3136 velimus,
337 3060 442 3121 divinae
450 3057 661 3119 benevolentiae
672 3056 848 3116 beneficium
861 3055 996 3134 equidem
1009 3059 1239 3137 pronuntiarem.

139 3160 201 3220 Sed
222 3158 341 3239 perinde
354 3158 388 3217 fit
409 3154 521 3215 scilicet
533 3160 569 3210 ut
580 3151 610 3209 in
624 3148 707 3229 parta
723 3148 859 3228 pecunia.
902 3148 999 3216 Quam
1013 3150 1100 3229 siqui
1114 3153 1241 3231 accepit,

137 3253 227 3313 ctiam
241 3262 349 3322 tuetur,
363 3264 500 3326 magnam
510 3244 602 3305 babet
614 3243 740 3302 formae
752 3242 895 3321 gratiam:
917 3241 943 3300 si
956 3240 1052 3321 perdit
1062 3242 1240 3320 imprudens,

138 3346 236 3427 perdit
257 3344 343 3406 simul
356 3338 488 3401 beneficii
505 3335 683 3397 memoriam.
713 3332 764 3394 Sic
781 3333 868 3393 etiam
877 3333 912 3391 in
925 3332 1012 3392 rebus
1027 3332 1173 3411 gerendis,
1187 3336 1240 3413 qui

137 3440 344 3501 occasionibus
359 3454 419 3495 non
434 3439 512 3491 recte
525 3428 572 3489 usi
592 3437 671 3499 sunt,
684 3424 705 3485 ii
717 3426 836 3486 tametsi
851 3425 923 3485 boni
935 3424 1083 3505 quippiam
1103 3425 1240 3488 divinitus

102 3540 112 3550 “
136 3532 252 3611 obtigit,
262 3528 341 3592 haud
357 3525 569 3587 meminerunt:
589 3538 626 3579 ex
639 3517 743 3579 ultimo
757 3516 835 3578 enim
848 3525 964 3588 eventu,
978 3515 1017 3575 de
1034 3517 1069 3576 iis
1083 3537 1150 3597 quae
1159 3538 1239 3599 prra-

135 3634 289 3687 cessemnt
308 3621 454 3691 omnibus,
476 3617 511 3675 iit
523 3609 694 3693 plerumque
710 3608 864 3691 judicium.
906 3602 1088 3688 Quapropter
1100 3610 1182 3672 robis
1204 3631 1241 3673 ea

135 3738 204 3800 quae
211 3725 333 3787 restant,
344 3711 547 3779 Athenienses,
560 3723 677 3784 magnae
690 3722 770 3763 curae
778 3722 843 3763 esse
856 3702 975 3773 debent,
984 3702 1076 3764 uthis
1086 3702 1162 3764 vitiis
1174 3724 1239 3765 cor·

134 3811 223 3873 rectis
234 3827 329 3871 rerum
345 3808 385 3867 ita
398 3786 547 3883 gestamm
562 3796 710 3857 infamiam
722 3796 879 3867 diluamus.
911 3794 999 3862 Quod
1018 3794 1043 3855 si
1055 3795 1110 3856 hos
1119 3815 1237 3875 quoque

133 3904 268 3965 homines
282 3896 509 3967 destituerimus,
523 3889 728 3961 Athenienses,
742 3899 830 3970 atque
847 3888 897 3949 ille
914 3887 1078 3969 Olynthum
1092 3888 1237 3963 everterit,

134 3997 293 4057 dicatmibi
308 3992 411 4074 aliquis
422 3988 494 4072 quid
506 3992 600 4058 restat,
615 3984 694 4063 quod
707 3983 789 4043 illum
801 3984 965 4062 quominus
978 3991 1028 4043 eat
1038 4001 1096 4061 quo
1108 3979 1180 4074 velit
1188 4000 1236 4042 re·

132 4099 272 4151 moretur.
507 4096 510 4107 ¹
887 4148 891 4157 .

176 4183 208 4241 6.v
230 4181 365 4261 Nonquia
378 4188 508 4241 restmm
522 4177 643 4256 cogitat,
657 4172 866 4245 Athenienses,
879 4183 910 4231 et
925 4177 1047 4250 spectat,
1058 4167 1165 4247 qmbus
1176 4178 1233 4230 tam

132 4293 259 4354 magnus
271 4274 367 4335 erasit
374 4262 543 4343 rationibus,
551 4268 682 4328 infirmus
693 4284 761 4326 cum
773 4274 855 4325 esset
862 4262 955 4330 initio,
971 4259 1147 4339 Philippus?
1168 4260 1233 4321 Pri-

132 4386 214 4425 mum
233 4363 401 4445 Amphipoli
413 4371 510 4444 capta,
523 4357 629 4422 deinde
642 4357 759 4439 Pydna,
771 4376 874 4416 mrsus
883 4352 1030 4442 Potidaea,
1045 4350 1151 4415 iterum
1158 4354 1232 4431 Me·

131 4458 234 4535 mone,
252 4468 357 4541 postea
369 4454 551 4519 Thessaliam
573 4452 696 4516 invasit:
718 4451 837 4537 demum
856 4466 925 4508 cum
950 4445 1072 4520 Pheias,
1087 4446 1234 4525 Pagasas,
