2934 5000
338 269 415 384 ‘DE
434 321 547 384 hlllll
566 324 699 388 deson
720 326 972 390 LEGATIONE.
1155 330 1229 394 m,

17 499 20 510 ·
120 472 250 550 equestri
273 473 374 553 prelio
390 479 553 558 snperimes
574 487 668 552 erant,
689 489 721 540 et
742 481 887 542 melonum
901 482 972 542 lh‘es
986 481 1147 544 Thebanos
1158 484 1216 544 cir·

119 563 313 626 amoenum:
334 568 417 630 vohis
434 581 533 632 sutem
552 590 609 631 neo
627 571 687 632 tale
704 571 862 651 quicquam
875 574 1032 645 eceidmt,
1047 586 1079 636 et
1090 576 1168 639 absit
1180 583 1217 636 ut

122 653 239 714 occidat
253 657 284 716 in
294 669 452 736 posterum.
466 663 539 727 'sco
551 661 624 722 illud
634 670 697 722 eret
706 663 907 744 inPhilippico
915 666 1218 744 hellograrissimumr

121 743 200 820 quod
214 747 240 804 ei
254 767 320 806 cum
329 751 593 824 volebatisnocere,
603 773 663 814 non
676 755 871 832 potentiane
881 776 949 838 vero
957 767 1110 816 noceretur
1119 759 1217 833 vohis,

121 834 239 896 minime
250 839 407 900 timebatis.
429 843 487 908 Qui
497 842 606 914 laetum
617 853 664 902 est
676 844 773 922 igitur,
783 857 818 906 ut
830 867 882 926 per
894 848 1127 927 eandempacem
1137 848 1218 912 The·

120 925 215 1000 banis,
224 931 274 1008 qui
284 931 361 990 bello
376 951 475 1010 usque,
483 932 560 992 adeo
568 933 716 996 interiores
730 949 824 1011 erant,
834 949 866 997 et
875 934 1108 1018 suarecipiendi,
1119 949 1151 998 et
1161 939 1216 999 ho·

121 1019 210 1078 stium
220 1040 291 1100 opes
302 1023 481 1104 adjungendi
494 1034 624 1104 potestas
635 1025 707 1088 dala
715 1031 767 1090 sit:
781 1019 863 1090 'robis
872 1042 971 1090 autem
979 1031 1216 1102 Atheniensibus,

18 1161 28 1174 ,
120 1110 332 1192 etiameequre
343 1115 421 1177 bello
432 1117 676 1196 defendebantur,
689 1117 1031 1200 pacclacmperierintl
1050 1122 1139 1190 Quod
1152 1121 1217 1182 illo·
1333 1097 1343 1120 Ι

122 1218 186 1260 rum
200 1201 290 1284 legati
303 1209 375 1286 o'pes
389 1227 489 1268 eorum
501 1217 559 1267 non
575 1210 751 1282 vendebant,
762 1210 875 1270 vestm
888 1212 936 1270 isti
948 1213 1151 1272 vendiderunt.
1211 1242 1214 1253 =

164 1298 215 1356 46³
237 1299 284 1357 At
294 1298 383 1371 dicet,
393 1300 523 1380 hercole,
532 1301 629 1361 socios
644 1302 738 1362 luisse
750 1301 831 1362 hello
843 1301 1032 1380 denngstos.
1063 1301 1141 1362 Nam
1152 1305 1218 1364 hec

121 1390 169 1448 ita
180 1389 271 1448 luisse
285 1399 363 1460 ecta,
377 1391 416 1450 ex
428 1391 463 1450 iis
477 1393 564 1452 etiam
575 1411 643 1469 ques
655 1396 830 1472 sequuntur,
844 1393 939 1471 magis
951 1393 1132 1471 intelligetis.
1175 1395 1218 1454 Ut

119 1483 199 1542 enim
212 1500 271 1563 pax
282 1483 340 1544 ista
353 1485 527 1546 Philocratis
543 1488 625 1547 sacta
645 1490 831 1562 auotcntme,
852 1487 989 1548 conlecta
1005 1487 1072 1556 luit,
1092 1487 1140 1552 cni
1161 1489 1218 1548 iste

122 1573 300 1656 suffragatus
313 1565 367 1648 ert,
387 1575 419 1639 et
431 1579 558 1659 Philippi
572 1580 661 1660 legati
676 1579 885 1650 discesserant,
899 1587 1005 1639 exacto
1014 1563 1218 1658 juiejurando‘,

121 1663 194 1727 -e't
205 1668 347 1728 hactenus
360 1670 477 1748 quidem
491 1670 562 1742 nihil
577 1683 641 1732 erat
654 1679 753 1732 actum
762 1673 901 1742 atrocium
912 1671 966 1731 sed
976 1671 1070 1749 turpis
1079 1683 1217 1749 parerat,

113 1769 152 1820 -et
164 1759 262 1820 eliens
274 1780 292 1820 a
304 1761 448 1839 dignitate
466 1759 649 1842 reipublice,
663 1759 731 1824 loeo
744 1773 842 1822 anm
856 1761 1011 1821 dedecoris
1023 1761 1113 1840 hujus
1125 1762 1218 1834 wni-

120 1849 215 1910 rande
226 1850 365 1912 illa-hona
373 1854 540 1932 percepturi
552 1869 720 1924 eramus*
735 1854 922 1933 postirlhham
934 1871 1003 1930 ego,
1016 1852 1124 1912 etistis
1136 1852 1218 1915 dices
1269 1911 1273 1920 ,
1355 1905 1360 1912 .

121 1943 201 2013 horn,
214 1942 251 2004 ut
268 1943 362 2022 primo
375 1960 493 2024 quoque
515 1956 644 2025 tempore
664 1946 696 2005 in
709 1944 934 2026 Hellespontum
948 1937 1129 2022 navigarent,
1141 1953 1217 2005 neve

118 2033 276 2111 quidquam
286 2034 478 2112 negligerent,
492 2047 544 2094 aut
555 2037 724 2115 Philippum
738 2055 883 2115 occupare
895 2037 1053 2114 quiequam
1064 2035 1219 2113 interjecto
1233 2091 1240 2102 .

122 2135 254 2201 ternpore
263 2125 432 2201 paterentur
444 2137 481 2184 'ex
492 2125 568 2184 locis
577 2125 657 2185 illius
670 2127 809 2204 agionis.
831 2123 1024 2203 Conpertum
1034 2127 1112 2186 enim
1125 2128 1217 2187 hahes

123 2213 206 2283 bam,
228 2213 411 2294 quaecunque
424 2216 503 2275 bello
520 2217 669 2295 in-pacem
683 2235 826 2276 converso
846 2221 975 2294 projecta
993 2218 1111 2288 luerint,
1129 2239 1165 2278 ee
1181 2220 1217 2279 iis

120 2309 174 2384 qni
187 2306 369 2384 neglexerint
380 2307 512 2385 periisse.
543 2307 637 2367 Nemo
650 2308 728 2368 enim
747 2327 889 2386 unquam,
910 2308 960 2365 cui
971 2327 1144 2385 museum
1164 2310 1221 2369 luit

123 2397 266 2458 detoldus
279 2399 391 2478 imperii
405 2409 484 2459 statu
498 2416 602 2478 pacem
616 2400 697 2470 inire,
712 2420 766 2479 pro
779 2401 816 2459 iis
836 2418 904 2477 ques
928 2398 967 2457 ab
983 2398 1067 2459 initio
1083 2401 1220 2480 neglecta

122 2489 253 2563 fuerunt,
263 2489 372 2549 bellum
383 2491 607 2577 gereresolqit:
624 2491 677 2551 s'ed
692 2512 727 2551 ee
738 2502 840 2551 tenent
851 2490 872 2549 ii
886 2489 937 2569 qui
946 2503 1141 2569 'occuparunt
1169 2491 1218 2551 Ad
1241 2568 1244 2573 Ι

122 2582 198 2655 hoec,
215 2583 239 2642 si
257 2584 487 2661 nevimsemus,
501 2583 610 2663 duplici
622 2585 703 2646 bono
716 2595 837 2643 suctum
856 2584 889 2641 iri
909 2577 1048 2672 putaham
1061 2584 1217 2662 rempubli-

122 2674 199 2735 cam.
221 2676 283 2735 Aut
295 2676 383 2747 enirn,
397 2678 421 2735 ei
431 2678 613 2747 adessemus,
629 2686 709 2737 etex
722 2675 843 2735 decreto
851 2671 1058 2755 jusjurandum
1071 2676 1108 2734 ab
1120 2688 1158 2734 eo
1167 2692 1218 2734 ero·

122 2769 292 2851 egissemus,
304 2779 365 2829 turn
375 2782 414 2828 'en
423 2789 491 2847 quer
502 2770 670 2848 reipublicae
684 2762 792 2829 nosne
805 2768 1013 2848 preripuisset,
1030 2758 1219 2839 redditurum,

111 2860 370 2938 ‘tumreliquanon
380 2856 567 2921 inr'esurum:
580 2872 642 2931 eut,
650 2862 708 2921 nisi
721 2862 771 2920 ille
780 2861 847 2921 hoec
857 2861 976 2931 laceret,
982 2870 1040 2918 nos
1048 2861 1145 2919 statim
1158 2860 1217 2919 huc

121 2953 401 3022 renunciaturos-ut
414 2970 467 3011 voe
478 2954 507 3013 in
521 2954 640 3013 remotis
660 2954 717 3013 illis
741 2963 774 3013 et
791 2952 951 3012 minorihus
964 2951 1083 3029 cognita
1094 2950 1219 3009 hominis

118 3042 244 3102 'eventia
265 3053 297 3101 et
311 3045 443 3123 perfidia,
457 3042 496 3103 ds
511 3045 557 3103 his
571 3046 701 3105 finitimis
715 3055 746 3105 et
763 3043 930 3124 majoribus,
944 3036 1156 3115 Phocensrlsus,
1173 3042 1219 3101 in·

122 3132 215 3211 quarn
233 3142 266 3191 et
276 3132 358 3210 Pylis
377 3133 546 3207 retinendis,
560 3136 739 3215 cogitaretis.
766 3128 855 3204 Quod
872 3136 899 3194 si
911 3134 961 3193 ille
974 3135 1041 3193 heo
1055 3150 1116 3194 non
1127 3152 1218 3195 oocu-

123 3218 236 3303 passe‘t,
255 3238 353 3301 neque
370 3244 424 3285 ros
437 3225 556 3304 decepti
571 3228 688 3297 essetis,
703 3227 735 3287 in
754 3236 819 3287 toto
835 3225 921 3285 vobis
937 3220 1040 3285 essent
1056 3225 1164 3297 omnia,
1184 3236 1217 3283 'et

123 3332 191 3393 ques
203 3312 291 3397 mque
304 3324 384 3385 sunt,
397 3312 448 3375 ille
461 3316 550 3376 vohis
565 3318 643 3378 ultro
656 3326 819 3397 praestaret.
857 3316 964 3393 Neque
984 3315 1050 3373 hoec
1069 3316 1107 3374 ab
1124 3306 1157 3373 r'e
1173 3316 1219 3375 ite

118 3406 185 3467 ior‘c
198 3408 348 3485 putabam.
370 3408 402 3466 Si
415 3408 493 3466 enirn
506 3418 607 3468 essem
618 3409 799 3481 Phocenses,
813 3407 857 3465 uti
868 3417 932 3465 tum
942 3414 1034 3475 erant,
1047 3404 1219 3478 incolumes,

122 3507 154 3558 et
167 3498 258 3578 Pylas
269 3508 411 3569 maerent,
427 3500 476 3559 ille
489 3500 604 3559 culm
617 3500 700 3559 robis
707 3500 837 3558 incutere
845 3508 986 3557 tenorem
995 3497 1149 3576 potunset,
1158 3516 1219 3576 quo

112 3590 251 3670 -perenlei
261 3590 310 3669 jus
325 3586 444 3670 aliquod
458 3584 588 3652 vestrum
601 3590 817 3669 neglexissetis.
837 3589 944 3668 Neque
957 3589 1035 3649 enim
1045 3589 1128 3649 aditu
1140 3601 1219 3651 terra

123 3682 282 3761 patefacto,
297 3700 391 3760 neque
405 3682 501 3743 natali
515 3678 617 3763 proelio
629 3683 731 3751 sinor,
746 3682 778 3740 in
790 3680 919 3741 Atticam
931 3682 1150 3752 venturus'lult,
1164 3702 1218 3741 ros

124 3786 221 3834 annm
235 3774 278 3833 illi
292 3768 400 3846 statim,
412 3775 442 3838 'si
455 3780 508 3851 jus
519 3774 670 3845 violasset,
684 3780 835 3833 mercatus
848 3768 984 3833 claudere
995 3766 1174 3852 potuissetis,
1183 3782 1220 3831 ¹et

124 3868 166 3927 ed
177 3864 310 3947 pecuniae
322 3864 484 3946 penuriam,
499 3876 530 3926 et
542 3864 703 3927 ceterarum
717 3883 812 3925 rerum
822 3865 927 3924 iterum
943 3864 1027 3925 velut
1036 3863 1219 3924 ohsidionem

124 3958 281 4019 redacturi.
303 3958 402 4026 Quare
414 3955 465 4018 ille
473 3954 632 4019 servitume
641 3958 700 4019 luit
710 3954 793 4036 pacis
805 3952 1071 4023 dommoditatihds,
1082 3952 1143 4011 non
1153 3951 1220 4012 ho‘s.

120 4051 167 4111 ‘Et
176 4051 242 4110 hoec
252 4066 314 4111 non
327 4058 440 4111 nunc'e
450 4054 499 4117 'sne
509 4050 581 4129 fingi
593 4070 630 4111 ex
645 4060 761 4119 eventu,
778 4057 810 4108 et
822 4047 960 4117 simulari,
975 4044 1028 4104 sed
1040 4042 1106 4102 tuin
1115 4044 1219 4103 stetim

109 4170 112 4176 ¹
125 4152 157 4203 et
165 4142 304 4213 senona
315 4142 529 4221 etprnsoidisse
542 4160 589 4202 me
598 4143 629 4202 in
641 4152 769 4202 vernam
775 4132 1053 4207 censeamus&
1062 4132 1218 4207 indicasse,

125 4232 194 4291 inde
206 4234 392 4311 cognoscetis
405 4252 412 4293 :
433 4242 502 4293 oum
513 4222 575 4312 jasir
583 4234 678 4293 nullm
691 4231 849 4292 condones
860 4222 1134 4297 restarentlhehitn'
1140 4226 1219 4285 enim

127 4324 337 4399 eraut-onnes)
354 4334 392 4383 et
410 4326 455 4385 isti
480 4326 612 4384 nondum
620 4324 778 4393 abiissent,
802 4319 922 4380 sedhic
944 4328 1062 4397 tempus
1082 4321 1217 4391 tererent,
1320 4348 1324 4354 ·

108 4438 113 4473 r
122 4422 243 4490 senator
250 4416 406 4493 decretum
413 4416 501 4491 incid,
510 4418 609 4497 populi
614 4416 791 4477 'auctuime
800 4410 1074 4490 senetuipermissa,
1082 4419 1116 4472 ut
1127 4414 1220 4493 primo
