2934 5000
233 289 270 350 ld
578 286 814 352 Pllllrll‘l’lcll
836 287 980 352 Purus:

227 459 316 518 nunc,
329 441 471 526 siquidem
484 441 517 507 id
529 445 609 526 prius
623 445 733 510 lactum
747 464 807 506 nou
818 444 887 508 esti
905 463 966 504 non
986 441 1126 504 ditionem
1148 446 1212 520 ejus
1232 443 1335 506 classe

227 539 424 602 invademus?
464 541 505 600 At
517 559 578 618 quo
592 538 794 622 appellemus?
807 548 891 618 roget
903 537 1018 618 aliquis.
1058 539 1178 616 Aperiet
1190 529 1250 617 qua
1263 539 1335 600 riti·

227 649 289 694 osoe
300 631 412 692 sintres
426 631 552 713 Philippi
560 633 668 694 bellurn
678 633 785 712 ipsum,
793 631 1000 703 Athenienses,
1009 629 1333 708 modoaggredianrur:

228 741 330 786 verum
345 724 369 782 si
383 724 463 784 domi
477 725 653 798 sedebimus,
665 724 866 786 conviciantes
878 723 1006 784 audituri
1015 731 1048 784 et
1059 723 1245 783 criminantes
1254 713 1334 784 inter

229 823 418 888 sectatores,
441 835 500 877 non
513 817 575 877 lieri
592 817 655 878 ulla
670 817 781 878 ratiorm
793 835 922 894 uuquam
935 825 1044 896 potest,
1058 825 1093 875 ut
1103 813 1263 894 quiequam
1275 815 1334 874 rite
1353 797 1361 810 ’

230 909 431 972 conficiemus.
473 904 649 989 Ubicunque
660 910 747 981 enim,
763 910 877 989 opinor,
886 927 955 989 pars
967 909 1066 987 aliqua
1073 908 1198 970 civitatis
1211 908 1333 986 ablege·

228 1015 277 1066 tur
291 1005 410 1066 tametsi
423 1013 488 1066 tnta
508 1023 567 1064 non
585 1005 671 1076 adsit,
694 1003 733 1064 ibi
750 1013 781 1062 et
793 1002 914 1063 deorum
934 1010 966 1061 et
977 1001 1103 1062 iortunm
1123 1001 1331 1060 benevolentis

228 1099 383 1160 nobiscum
407 1097 529 1159 militat:
545 1115 628 1157 rcum
647 1105 745 1156 autem
767 1095 969 1175 imperatorem
982 1104 1014 1153 et
1034 1093 1184 1153 decretum
1198 1094 1286 1152 inune
1300 1101 1332 1151 et

229 1191 324 1252 incus
339 1199 507 1270 esuggestu
518 1209 586 1270 spes
604 1189 725 1261 mittitis,
739 1187 810 1247 nibil
826 1188 941 1248 avobis
960 1185 1084 1247 feliciter
1097 1187 1216 1264 geritur,
1230 1185 1284 1243 sed
1297 1189 1332 1242 st

228 1283 329 1344 hostes
343 1283 478 1344 derident
490 1281 654 1343 istiusmodi
667 1279 878 1361 expeditiones,
896 1281 939 1339 ito
951 1279 1024 1339 socii
1037 1289 1117 1338 metu
1139 1277 1331 1337 emoriuntur.

229 1377 299 1438 Non
323 1377 400 1437 enim
420 1387 527 1456 potest,
548 1394 607 1436 norr
629 1384 728 1454 potest
753 1373 827 1444 fleri,
853 1383 888 1434 ut
912 1392 988 1433 unus
1000 1373 1185 1451 risunqnarn
1196 1371 1280 1430 robis
1294 1389 1331 1430 ea

148 1549 150 1554 A
229 1471 368 1532 conficiet
380 1471 487 1542 omnis,
501 1489 568 1550 quoe
581 1471 688 1530 vultis:
710 1468 842 1550 polliceri
852 1467 983 1548 quidem,
994 1476 1026 1526 et
1035 1467 1189 1535 affirmare,
1199 1473 1230 1524 et
1240 1483 1330 1524 accu-

228 1585 294 1628 sare
307 1567 386 1626 hunc
409 1577 440 1626 et
462 1563 543 1624 illurn
567 1564 644 1625 licet.
667 1565 739 1624 ·Sed
752 1562 833 1622 hisce
851 1562 1005 1620 rationibus
1026 1558 1144 1638 negotia
1160 1559 1328 1638 perierunt:
1452 1588 1456 1599 ‚

228 1675 296 1720 narn
311 1675 379 1717 cum
393 1655 485 1716 ducat
502 1656 620 1735 quidem
637 1656 794 1734 imperator
807 1655 926 1714 miseros
949 1652 1097 1733 stipendio
1109 1652 1261 1712 fraudatos
1275 1671 1329 1731 pe·

229 1749 379 1828 regdnost
401 1748 450 1826 qui
464 1767 533 1807 vero
547 1747 585 1806 de
597 1748 684 1806 rebus
697 1746 757 1805 illic
767 1746 805 1806 ab
817 1765 855 1805 eo
868 1745 960 1825 gestis
974 1745 1141 1805 lalse'vobis
1150 1744 1328 1815 renuntient,

229 1842 312 1902 nullo
332 1841 451 1919 negotio
471 1839 519 1924 lrjc
538 1839 739 1922 reperientur:
760 1857 813 1898 vos
836 1849 935 1898 autem
958 1857 994 1898 ex
1012 1837 1124 1909 auditu,
1144 1835 1284 1915 quicquid
1298 1837 1329 1896 in

228 1937 357 1994 mentem
371 1932 453 1993 vobis
472 1931 592 2004 venerit,
606 1930 783 2000 decernetim
805 1931 887 2010 quid,
903 1951 1004 2012 queso
1022 1951 1085 2004 vos,
1098 1931 1328 2012 exspectandum

229 2025 297 2087 esti
338 2025 474 2094 Quonam
486 2024 576 2102 igitur
587 2023 676 2084 modo
690 2023 800 2083 exitum
812 2024 877 2084 haec
887 2023 1057 2085 invenienti
1078 2023 1154 2102 Cum
1162 2045 1225 2098 vos,
1237 2026 1330 2085 Athe·

229 2119 356 2188 nienses,
371 2116 491 2178 eosdem
504 2126 618 2177 vosmet
625 2116 809 2176 ostenderitis
823 2127 854 2178 et
864 2117 982 2189 milites,
992 2126 1121 2177 ettestes
1130 2127 1264 2178 actorum
1273 2117 1330 2178 du·

228 2211 285 2284 cis,
296 2219 328 2270 et
340 2209 389 2268 ubi
413 2207 532 2268 domum
543 2207 650 2268 reversi
663 2209 785 2277 fueritis,
801 2209 919 2290 judices
941 2210 1087 2270 rationum
1099 2209 1328 2284 referendamm,

227 2305 270 2364 itu
283 2309 386 2362 utnon
399 2309 512 2360 tantum
533 2321 600 2380 quse
613 2311 711 2361 vestra
724 2311 795 2360 sunt
808 2300 944 2372 audiatis,
954 2320 1054 2361 rerum
1068 2291 1155 2361 etia'm
1170 2313 1328 2381 presentes

227 2393 414 2482 intueumini:
435 2412 515 2453 nunc
537 2413 574 2453 eo
598 2412 645 2454 res
668 2393 787 2453 devenit
804 2393 1003 2472 turpitudinis,
1023 2403 1059 2454 ut
1081 2395 1204 2473 quisque
1218 2395 1328 2456 ducum

227 2497 386 2551 vestrorum
396 2485 442 2545 bis
452 2495 554 2565 terque
561 2485 665 2566 capitis
675 2485 755 2565 apud
765 2504 816 2545 vos
825 2487 929 2546 subeat
936 2485 1098 2565 judicium
1119 2506 1185 2548 cum
1193 2487 1342 2550 hostibus·

173 2598 177 2604 ·
227 2592 324 2643 eutem
339 2596 439 2639 eorum
451 2598 539 2637 nemo
551 2578 597 2638 rel
613 2578 704 2637 semel
718 2578 755 2637 de
767 2578 828 2637 vita
840 2578 977 2639 dimicare
994 2580 1144 2652 sustineat,
1157 2592 1248 2661 utque
1262 2583 1328 2661 pla·

227 2674 383 2755 giariorum
404 2680 435 2731 et
455 2671 550 2730 iurum
569 2671 715 2730 interitum
739 2669 869 2731 honestae
887 2672 974 2731 morti
995 2672 1160 2752 praeferent
1199 2674 1330 2736 Malefici

228 2768 306 2828 enim
327 2776 383 2840 est,
393 2764 528 2845 judicum
542 2764 687 2825 sententia
706 2763 796 2832 mori;
818 2762 1010 2843 imperatoris,
1027 2783 1095 2825 curn
1107 2765 1240 2827 hosuuus
1253 2786 1329 2848 pre·

227 2859 357 2919 l‘nntem.

274 2953 320 3012 16.
340 2952 478 3011 Vestrum
490 2958 590 3010 autern
609 2948 657 3009 alii
674 2948 898 3022 circumeuntes,
912 2969 981 3011 cum
999 2949 1227 3011 Incedemoniis
1241 2970 1330 3031 agere

229 3044 334 3106 dicunt
351 3042 519 3123 Philippum
533 3040 571 3101 de
588 3040 791 3101 Thebanorum
804 3044 955 3103 eversione
975 3054 1006 3102 et
1016 3043 1124 3104 liberas
1136 3043 1267 3104 civitates
1281 3044 1329 3105 di·

228 3136 356 3198 vellere:
377 3135 435 3212 alii,
449 3154 515 3195 eum
528 3133 641 3193 misisse
654 3136 770 3213 legatos
786 3136 825 3195 ad
838 3154 938 3214 regem
953 3135 1125 3204 Per-sorum
1145 3134 1204 3208 alii,
1218 3137 1329 3217 oppida

228 3229 343 3290 munire
356 3228 387 3287 in
403 3226 528 3307 Illyriist
550 3224 609 3298 alii,
624 3245 694 3285 sues
707 3226 831 3306 quisque
844 3228 1000 3288 commenti
1015 3228 1140 3301 fabulas,
1155 3228 1330 3290 obambula·

229 3342 304 3405 mus.
346 3320 411 3400 Ego
424 3336 493 3380 vero
507 3318 641 3398 equidem
663 3320 810 3390 existimo,
825 3320 1031 3393 Athenienses,
1045 3322 1157 3381 ebrium
1178 3341 1242 3382 esse
1258 3343 1328 3383 eum

228 3422 488 3493 rerumgestarum
509 3412 710 3491 magnitudine
725 3421 756 3472 et
777 3413 923 3493 ejusmodi
945 3413 1058 3474 somnia
1079 3414 1171 3475 multa
1184 3434 1239 3475 suo
1259 3436 1328 3478 cum

229 3508 327 3569 animo
341 3506 461 3584 agitare,
474 3522 541 3566 cum
555 3506 625 3583 quie
637 3504 717 3565 videt
727 3506 872 3565 neminem
885 3526 951 3566 esse
960 3506 1170 3586 quiimpediet,
1181 3518 1244 3567 tum
1259 3529 1328 3571 suc·

228 3590 361 3661 censibus
374 3598 502 3667 elatum:
523 3617 583 3657 non
598 3606 697 3657 tamen
712 3618 779 3657 eum
801 3599 845 3657 sic
858 3618 946 3676 agere
959 3598 1127 3670 instituisse,
1140 3600 1235 3680 utqui
1248 3602 1329 3682 apud

202 3750 207 3759 ,
229 3712 286 3753 nos
300 3698 370 3751 sunt
383 3688 572 3763 stolidissimi,
580 3690 676 3749 norint
685 3689 756 3769 quid
769 3689 821 3749 ille
834 3689 873 3749 sit
885 3691 1033 3751 facturus:
1055 3691 1236 3753 stolidissimi
1249 3696 1328 3755 enim

132 3782 134 3789 '
228 3795 301 3847 sunt
316 3782 361 3844 isti
375 3780 554 3861 rumigeruli.
594 3782 635 3841 m
648 3782 683 3855 si,
705 3782 755 3841 his·
764 3782 886 3854 omissis,
899 3782 972 3843 illud
987 3793 1165 3862 spectemus,
1178 3784 1327 3847 hominem

208 3914 214 3919 -
228 3880 316 3939 istum
325 3894 391 3937 csse
402 3874 485 3934 nobis
496 3872 653 3947 inimicum,
663 3884 813 3935 etnostras
822 3874 906 3935 nobis
914 3894 985 3955 opes
996 3876 1116 3955 eripere,
1124 3887 1160 3937 et
1167 3876 1258 3957 longo
1264 3880 1328 3957 jam

227 3982 359 4051 ternpore
382 3967 540 4029 insolenter
557 3986 590 4025 se
610 3965 795 4047 gessisse,'et
814 3987 997 4048 quaecunque
1012 3970 1191 4050 speravimus
1204 3970 1329 4050 aliquem

228 4086 284 4147 pro
298 4064 382 4123 uobis
396 4078 464 4122 esse
476 4070 618 4132 acturum,
633 4078 677 4131 ea,
693 4070 726 4119 ut
745 4072 871 4132 constat,
886 4072 990 4123 contra
1009 4081 1064 4122 nos
1085 4082 1151 4123 esse
1169 4064 1278 4136 omnis,
1298 4074 1330 4126 et
1384 4078 1387 4088 “

229 4167 336 4218 caetera
349 4156 378 4214 in
392 4154 538 4215 nobismet
550 4152 620 4232 ipsis
634 4172 699 4212 esse
710 4154 813 4231 posita,
835 4164 874 4224 et,
893 4154 917 4214 si
931 4174 1010 4215 nunc
1023 4154 1082 4215 illic
1095 4155 1266 4234 belligerare
1274 4176 1328 4217 no·

228 4250 367 4311 luerimus
382 4266 449 4306 cum
463 4264 509 4317 eo,
521 4244 599 4304 idem
613 4244 737 4305 fortasse
751 4246 834 4305 nobis
847 4245 1002 4307 hicsecere
1014 4265 1137 4307 necesse
1149 4248 1328 4319 sore—lime

229 4342 254 4403 si
268 4338 462 4409 statuerimus,
476 4347 507 4397 et
516 4346 595 4398 recte
609 4339 766 4398 sentiemus
776 4338 918 4399 etinenes
931 4341 1047 4400 fabulas
1057 4340 1163 4400 missas
1174 4339 1328 4405 faciemus.

228 4433 336 4515 Neque
353 4432 429 4493 enirn
446 4448 512 4513 que
528 4429 587 4493 siut
607 4430 715 4509 lutura,
732 4431 924 4539 quaerendum
937 4442 994 4515 est,
1014 4433 1068 4497 ssd
1081 4433 1205 4497 adverse
1217 4433 1329 4515 lutum,
