2934 5000
396 320 566 383 GOM'RA
587 322 910 413 tunnottortsstt.
933 256 938 280 1
1114 338 1118 345 ’
1142 326 1201 383 369

107 470 236 555 misistis,
249 492 381 535 samum
401 476 571 556 impetrasse
593 494 809 557 pacem,·qnam
817 475 967 545 uoluistis.
1005 476 1080 537 durs
1101 476 1201 555 igitur,

107 564 308 634 Athenienses,
333 580 402 627 eum
421 567 453 627 in
472 577 625 647 utramque
647 579 763 649 partem
781 569 913 629 ubemur
928 576 1045 629 tantum
1064 573 1203 631 momenti

105 654 241 731 babeant,
250 656 331 720 bunc
340 661 495 721 terminum
503 662 617 721 senatui
630 661 785 735 statuistis,
795 672 893 721 utrum
905 662 932 721 is
945 661 1053 721 debeat
1065 662 1202 741 sccipara

105 748 266 825 premium,
279 770 384 812 necne.
427 752 503 811 Nam
524 752 549 813 si
563 772 611 813 rer
626 762 739 815 ceteras
752 772 853 813 omnes
867 764 947 813 recte
959 752 1203 825 administrasset,

105 858 159 917 per
171 860 247 919 quas
260 853 359 903 autem
368 862 415 903 res
424 842 491 903 illas
505 844 543 905 ab
557 844 638 905 initio
651 855 682 905 et
691 846 868 927 panvinius,
880 856 911 905 et
923 864 1002 905 nunc
1014 854 1139 915 tuemur,
1151 864 1203 905 eus

106 950 167 990 non
180 932 482 1023 fecisset3-triremes
496 937 666 1015 inquam-7
680 938 753 997 nihii
772 937 834 996 ilias
856 937 1040 1016 prodessent.
1080 938 1205 998 Summa

106 1042 202 1083 rorum
216 1026 295 1089 enim
308 1026 418 1106 pcpuio
430 1028 462 1087 in
474 1027 586 1106 primis,
600 1038 631 1087 et
642 1028 829 1089 incolumitas
842 1038 922 1087 sarta
939 1038 1019 1087 tecta
1035 1029 1206 1107 prestanda

107 1124 170 1175 est:
192 1116 246 1177 istc
259 1129 359 1177 satam
368 1136 461 1196 usque
473 1118 550 1177 adeo
560 1118 648 1177 licere
658 1120 714 1179 sibi
721 1118 869 1179 existimet
880 1129 911 1177 et
923 1118 1022 1178 dicere
1034 1128 1065 1178 et
1077 1119 1205 1180 scribera

106 1207 369 1285 quicquidlibitnm
379 1208 483 1280 fuerin
504 1219 540 1269 ut
552 1220 695 1281 sanatum,
709 1212 759 1289 qui
775 1219 808 1269 et
829 1210 935 1274 ceteris
954 1210 986 1289 in
1002 1210 1090 1269 rebus
1111 1213 1154 1271 ita
1171 1231 1205 1272 sa

108 1299 213 1375 gerru„
224 1310 259 1359 ut
271 1300 390 1383 auditis,
403 1310 435 1360 et
445 1301 579 1363 triremes
592 1320 652 1361 non
665 1302 745 1373 iecit,
758 1302 880 1380 premio
892 1302 970 1361 riiici
980 1300 1100 1360 decreto
1108 1303 1207 1381 jusse-

107 1388 155 1449 rit.
196 1390 296 1469 Atque
318 1390 384 1453 brac
403 1412 464 1455 non
486 1412 618 1473 pugnare
635 1412 708 1456 cum
727 1392 881 1472 laganae
901 1393 963 1471 ipse
984 1392 1140 1464 dicetnec
1154 1414 1206 1455 sos

111 1480 248 1540 credetis.
344 1518 353 1529 ·

152 1573 184 1631 6.
202 1572 264 1634 Sed
277 1574 366 1635 audio
383 1594 451 1635 aum
473 1564 639 1657 hujusmodi
657 1576 798 1655 quiddam
811 1575 891 1655 apud
909 1593 966 1635 sos
977 1574 1134 1649 dicturum,
1147 1594 1208 1636 non

112 1665 228 1726 stetisse
241 1686 294 1746 per
304 1680 440 1729 sonuum
452 1688 512 1749 qno
530 1670 628 1730 minam
652 1670 785 1730 biremes
806 1670 1037 1729 conicerentur:
1058 1669 1112 1728 aad
1125 1687 1208 1747 quar·

113 1764 220 1817 starem
238 1760 384 1819 navalium
398 1762 550 1822 «fabrorum
571 1764 672 1842 fugam
685 1754 801 1841 cepisse
814 1751 942 1839 quatuor
953 1759 1072 1820 talentis
1084 1778 1151 1819 cum
1164 1762 1209 1821 di·

111 1849 200 1909 midio
213 1852 330 1926 ablatis,
339 1862 428 1932 utque
437 1854 479 1915 ita
487 1850 685 1915 calamitatem
695 1854 941 1914 fuisseincansa.
972 1852 1038 1931 Ego
1050 1870 1121 1912 sero
1132 1852 1209 1913 iilud

110 1938 205 2017 ipsum
226 1943 360 2016 demiror.
379 1944 555 2024 primumi
577 1944 711 2026 postulat
730 1956 767 2005 ut
786 1955 907 2026 propter
926 1944 1083 2005 sdversum
1103 1964 1207 2005 carum

112 2043 233 2093 amatus
244 2054 353 2095 corona
361 2048 499 2106 ornatur:
520 2056 591 2098 nam
604 2040 690 2099 rebus
703 2056 844 2117 prospere
862 2036 964 2117 gestis.
972 2036 1141 2116 hujusmodi
1153 2037 1208 2097 bo·

112 2126 200 2182 nores
210 2126 310 2202 putati
321 2145 388 2185 esse
401 2128 583 2206 propositos:
604 2129 714 2187 deiude
721 2129 796 2188 iliud
803 2130 892 2188 etiam
903 2128 987 2187 robis
995 2128 1101 2187 dicam.
1122 2128 1209 2209 Nego

112 2234 178 2275 asso
188 2216 312 2295 justum,
326 2228 481 2295 utrumque
495 2219 565 2288 dici,
582 2236 643 2277 non
656 2228 762 2279 contra
774 2220 871 2295 legem
885 2219 996 2278 donum
1006 2236 1080 2287 ¹esso
1096 2218 1209 2293 dabam,
1245 2278 1252 2293 ,

114 2314 145 2365 et
157 2324 217 2365 non
231 2308 348 2367 stetisse
361 2328 413 2387 per
426 2319 560 2369 senatum
573 2328 633 2387 quo
646 2310 744 2367 minua
761 2309 893 2369 triremes
911 2318 1092 2367 curarentur.
1133 2310 1210 2371 Nam
1316 2358 1321 2368 .

114 2397 140 2459 si
154 2400 304 2477 pmmium
316 2401 431 2461 sanabri
444 2400 533 2461 ctiam
546 2418 607 2459 non
618 2399 705 2459 iactis
716 2397 883 2465 tfimmibm
903 2406 954 2457 est
972 2397 1115 2468 dandum,
1124 2418 1212 2476 quor·

116 2509 181 2550 sum
197 2490 272 2551 iliud
284 2490 382 2560 dicere
395 2492 510 2566 attinet,
520 2513 573 2572 per
584 2511 670 2572 quem
684 2490 809 2561 steterit,
827 2509 887 2568 quo
907 2489 1005 2548 minus
1023 2488 1213 2550 sumsisti

115 2583 148 2643 si
158 2603 217 2644 non
229 2583 307 2656 licet,
320 2585 372 2663 qui
384 2586 478 2665 magis
493 2585 554 2645 sive
572 2603 625 2665 per
635 2583 725 2654 hunc,
740 2582 801 2642 sisa
812 2601 867 2662 per
881 2581 970 2640 alium
987 2581 1112 2653 steterit,
1125 2599 1212 2642 rena·

115 2683 178 2734 tuns
188 2675 320 2753 accipere
333 2695 471 2736 coronam
486 2675 602 2736 decuiti
643 2673 794 2734 Prmteraa
803 2671 971 2734 istiusmodi
982 2671 1081 2741 rerba,
1094 2681 1130 2732 ut
1141 2673 1214 2736 mibi

116 2769 241 2842 videtur,
260 2770 343 2828 vobis
368 2770 518 2850 optionem
539 2771 621 2841 dent,
640 2779 739 2836 utrum
761 2766 936 2850 existimatis
956 2765 1162 2828 mensotiones
1181 2779 1214 2828 et

118 2863 206 2922 verba
217 2863 304 2922 vobio
317 2881 384 2924 essa
406 2863 553 2925 audienda
569 2863 719 2922 bominum
740 2862 771 2920 in
792 2880 846 2921 soa
868 2859 1047 2936 injurium,
1064 2879 1103 2920 an
1119 2879 1211 2924 unes

115 2953 319 3032 possidendas.
360 2955 474 3015 Nomai
486 2955 568 3015 vobis
582 2955 638 3015 iste
649 2954 690 3013 ita
704 2953 877 3025 satisfaciet,
889 2952 1080 3033 perspicuum
1086 2953 1213 3024 oritoni·

115 3045 188 3104 libet
200 3045 315 3104 sennmi
326 3048 508 3124 probabilem
527 3065 648 3107 camum
661 3063 728 3106 esse
740 3045 780 3105 ad
789 3063 843 3105 sos
855 3043 1046 3117 afferendum,
1057 3063 1118 3105 non
1130 3046 1214 3107 trire-

116 3153 179 3194 mes
193 3132 361 3210 faciendam
381 3155 417 3195 co
429 3145 519 3214 pacto
530 3145 562 3195 et
579 3137 706 3215 pacuius
715 3144 919 3207 consumatur,
931 3146 963 3196 et
981 3155 1039 3196 voc·
1048 3153 1139 3196 usses
1151 3155 1213 3197 non

44 3241 48 3248 ·
116 3225 282 3291 babebitis:
304 3225 329 3284 si
341 3245 421 3300 varo,
432 3237 470 3286 ut
486 3227 535 3286 iax
554 3228 650 3306 jubet,
665 3237 696 3288 et
707 3238 835 3287 restrum
844 3227 1052 3307 jusjurandum
1069 3229 1213 3307 postulat,

119 3315 339 3378 acritmomnes
352 3319 472 3380 omnino
485 3337 589 3380 causas
603 3309 787 3389 sustuleritis,
799 3325 832 3378 et
849 3327 970 3397 propter
983 3336 1043 3378 non
1055 3318 1152 3377 metas
1165 3319 1215 3378 tri·

116 3424 212 3472 rentes
232 3406 383 3488 premium
406 3409 590 3489 negaveritis,
614 3429 725 3480 ornnes,
747 3409 952 3480 Athenienses,
965 3408 1060 3470 iactas
1082 3408 1214 3470 trirtrm

117 3499 201 3562 robis
213 3499 341 3572 uadunt,
353 3499 403 3559 ubi
416 3500 542 3561 viderint
551 3511 650 3562 cetera
662 3499 762 3560 omnia
773 3500 864 3558 inissa
875 3499 956 3579 apud
973 3517 1027 3559 vos
1048 3500 1114 3579 lege
1132 3499 1214 3561 iniit·

118 3591 221 3652 mioru.
262 3589 416 3650 Neminem
432 3603 529 3652 autem
541 3593 703 3653 mortalium
719 3591 850 3652 niiumin
862 3599 1037 3664 causamn,
1049 3611 1109 3673 quo
1119 3594 1215 3653 minus

119 3684 251 3752 biremes
264 3684 351 3743 factat
360 3682 430 3756 sint,
443 3685 474 3745 id
485 3702 601 3765 qnoque
614 3679 943 3765 perspicnoostendam.
977 3681 1113 3746 -Scnatus
1125 3687 1215 3760 enim,

119 3777 186 3858 loge
197 3777 323 3848 sublata,
333 3776 422 3836 istum
436 3779 491 3839 sibi
504 3789 658 3858 patronum
667 3777 786 3838 crearit.

160 3873 191 3930 7.
210 3867 278 3930 Jam
301 3869 381 3948 quod
400 3869 438 3931 ad
459 3871 668 3952 impudicitiam
681 3869 795 3945 attinet,
808 3869 1008 3949 respondebit,
1022 3886 1077 3928 nos
1089 3883 1158 3927 esre
1169 3865 1216 3925 in-

116 3961 221 4043 jurios,
233 3971 264 4022 at
276 3962 353 4024 salsa
374 3963 404 4024 in
423 3984 456 4024 so
475 3963 633 4024 maledicta
652 3964 753 4043 jacere
766 3961 824 4022 titt
844 3963 939 4034 nobis,
954 3961 1065 4020 sisara
1082 3973 1149 4016 essa
1162 3957 1216 4016 iliu

120 4055 344 4129 confideremus,
356 4057 394 4116 ad
407 4055 536 4117 sexsircs
548 4056 640 4119 fuisse
647 4054 835 4133 veniendum,
844 4061 879 4113 ut
886 4052 927 4111 rbi
937 4049 1063 4111 derniiio
1069 4047 1215 4108 drachmis

120 4147 361 4228 periclitaremur,
375 4150 400 4210 si
413 4149 585 4211 calumniari
597 4148 782 4209 videremur:
801 4163 883 4204 nnnc
902 4159 958 4202 nos
982 4142 1084 4206 rocon
1104 4140 1215 4214 sacua,

60 4297 62 4310 ,
122 4237 174 4316 qui
195 4239 316 4310 crimina
330 4251 361 4300 et
380 4241 479 4303 inania
491 4241 649 4302 maledicta
667 4237 882 4316 conquiramus,
896 4242 992 4294 atros
1005 4230 1215 4306 obtundamus,
1266 4273 1269 4279 .

124 4329 167 4389 sd.
175 4346 250 4407 qnos
263 4347 300 4392 aa
311 4333 441 4412 cognitio
450 4351 511 4394 non
523 4333 677 4412 pertineat.
718 4327 865 4407 Egorero
877 4341 995 4397 censeo,
1003 4321 1079 4382 iilud
1090 4324 1215 4402 prinum

12 4439 16 4448 ¹
123 4440 191 4482 cum
201 4423 414 4487 arimisscstris
423 4445 488 4487 essa
499 4424 699 4504 cogitantium,
707 4419 801 4482 mrito
810 4417 972 4480 marinum
981 4432 1049 4479 essa
1060 4416 1218 4478 discrimen
