2934 5000
902 45 908 82 l

265 327 325 388 260
496 323 553 382 DE
575 321 689 383 IIALE
710 312 1121 382 aestimatione,

265 479 349 540 robis
362 479 561 540 festinandum
573 487 663 549 esset,
675 477 865 549 desederunt,
878 494 947 536 cum
967 492 1037 535 vern
1059 489 1121 534 nou
1140 469 1273 530 undum
1284 482 1378 534 uest

265 581 340 633 ante·
349 573 549 634 caduceatoris
563 572 699 642 reditum,
714 570 905 631 festinarunt?
1274 645 1284 654 ,

305 667 356 724 49.
378 665 446 732 Quo
460 665 549 743 igitur
562 675 693 744 tempore
706 662 767 722 illic
779 663 900 730 salmas,
917 669 948 720 et
968 659 1062 720 I’ellss
1074 655 1253 724 descdiuuu.
1266 657 1377 718 ωιιεί·

266 755 365 814 darete
377 755 449 834 quid
462 757 587 836 quisque
600 751 735 816 noioum
749 755 845 815 ficere
858 752 1023 814 instittrerit.
1064 749 1140 827 Ego,
1152 747 1285 826 captivos
1299 747 1377 809 red·

267 846 356 905 irueua
377 857 408 906 et
430 868 571 927 quaerere,
592 859 622 908 et
643 848 683 907 de
699 867 769 906 meo
790 846 946 928 pecuniam
965 845 1123 911 insumere,
1137 850 1168 898 et
1190 858 1210 898 a
1228 837 1377 917 Philippa

266 949 375 1019 petere,
388 951 422 1000 ut
442 943 629 1021 hospitalium
653 959 808 1000 muncrum
830 940 905 1010 viee,
928 955 996 1016 quse
1015 933 1101 994 nobis
1124 929 1277 1004 offerebat,
1302 931 1376 992 illos

230 1103 233 1112 ,
267 1032 373 1092 missos
388 1034 516 1094 faceretr
539 1034 593 1092 iste
608 1043 704 1092 autem
725 1031 796 1110 quid
816 1040 958 1109 perpetuo
979 1025 1094 1094 fecerit,
1118 1023 1218 1084 saum
1232 1023 1377 1084 audietis.

269 1123 348 1189 er'd
361 1123 450 1202 igitur
461 1125 534 1186 illud
547 1124 632 1184 erati
664 1124 704 1183 Ut
717 1122 869 1201 Philippus
887 1119 1082 1180 communiter
1100 1115 1257 1195 pecuniam
1280 1115 1373 1177 nobis

271 1214 435 1294 largiretur.
478 1217 520 1275 Ut
538 1225 636 1276 autam
658 1235 712 1275 neo
733 1213 805 1273 illud
828 1211 979 1292 ignoretis,
993 1211 1042 1270 ille
1055 1229 1111 1268 nos
1124 1208 1377 1288 periclitabrsost

268 1329 382 1380 omnes,
398 1311 437 1370 ad
458 1309 588 1387 singulos
608 1307 742 1387 privatim
759 1307 917 1374 missitant,
933 1315 964 1363 et
976 1303 1100 1361 multum
1122 1319 1196 1360 sane
1214 1301 1276 1359 auri
1293 1298 1375 1358 offe-

269 1421 346 1460 rens.
370 1402 411 1461 Ut
425 1411 523 1461 autem
537 1401 645 1459 frustra
658 1397 862 1477 experiebatur
874 1391 1318 1474 quemcunque—nequeenim
1330 1390 1373 1448 de

269 1493 394 1572 meipso
408 1491 716 1561 mibidicendomest,
731 1489 785 1549 sed
801 1489 882 1547 sacta
894 1498 934 1548 et
956 1505 1002 1545 res
1027 1486 1101 1564 ipsse
1122 1484 1373 1554 declarabunt—,

269 1586 460 1645 communiter
474 1585 573 1642 datam
593 1581 752 1662 pecuniam
775 1582 924 1640 uniuersos
947 1579 1071 1657 putabat
1083 1576 1181 1636 statim
1196 1587 1307 1634 temere
1321 1594 1373 1633 ac-

269 1685 416 1755 cepturos.
459 1675 519 1735 Eos
541 1674 631 1753 igitur
643 1675 673 1732 in
696 1683 760 1732 tuto
779 1673 850 1744 fore,
863 1673 958 1749 quite
972 1667 1105 1748 priraIIm
1118 1667 1375 1737 vendidissentsi

177 1787 181 1796 ·
269 1767 317 1827 vel
336 1767 487 1825 minimum
501 1765 692 1825 communiter
712 1753 936 1842 datac'pecunioe
949 1760 1176 1840 accepissemus.
1217 1759 1263 1817 Eo
1276 1758 1373 1817 daba-

271 1870 335 1918 tur:
356 1858 513 1938 hospitalia
527 1869 625 1917 autem
639 1875 762 1915 munera
780 1857 1026 1935 praetexebantur.
1068 1853 1110 1912 Ut
1122 1862 1218 1912 autem
1232 1871 1290 1929 ego
1302 1869 1373 1928 pro·

270 1947 361 2020 hiberi,
371 1967 469 2006 rursus
484 1947 532 2006 isti
546 1947 583 2005 de
598 1948 713 2024 integro
727 1947 803 2005 inter
812 1966 844 2005 se
856 1946 953 2024 partiti
967 1955 1046 2004 sunt.
1068 1945 1145 2003 Cum
1156 1964 1224 2003 vero
1237 1951 1373 2021 peterem

270 2059 288 2098 a
302 2039 438 2119 Philippo
452 2048 484 2120 ut
503 2057 567 2098 eam
581 2040 737 2118 pecuniam
750 2039 785 2097 in
798 2039 929 2118 captivos
943 2038 1135 2118 impenderet,
1149 2056 1244 2114 neque
1259 2053 1370 2114 oppor-

271 2142 375 2190 tunum
386 2131 429 2190 illi
441 2131 497 2190 luit
510 2131 580 2191 istos
595 2131 728 2210 prodere,
742 2129 795 2198 aut
807 2131 906 2191 dicere
919 2130 1013 2199 illum,
1031 2129 1078 2189 vel
1103 2129 1184 2188 illum
1207 2129 1372 2208 accepisse,

235 2297 240 2308 Ι
270 2238 364 2303 neque
377 2225 538 2303 impensam
547 2224 659 2302 lugere.
684 2225 834 2284 Ascensus
847 2235 893 2282 est
901 2223 1000 2302 igitur,
1011 2221 1062 2282 sed
1079 2221 1174 2290 elusit,
1189 2240 1222 2280 se
1234 2220 1275 2279 ad
1291 2218 1371 2278 Pan-

274 2316 408 2376 etlrentea
427 2315 494 2376 illos
519 2317 692 2376 amissurum
715 2315 873 2394 pollicitus.
919 2314 1024 2374 Recita
1054 2315 1143 2394 igitur
1172 2312 1371 2387 testimouium

274 2407 501 2488 Apollophanis,
516 2407 621 2468 deinde
635 2407 757 2467 aliorum
770 2407 821 2484 qui
832 2405 996 2466 adfuerunt.

658 2608 963 2670 TESTIMONIUM.

312 2754 362 2811 60.
384 2752 459 2831 Age,
472 2750 556 2811 robis
575 2768 720 2831 exponam
742 2752 840 2823 etiam,
858 2763 936 2832 ,quot
956 2753 1021 2831 ipse
1041 2752 1172 2831 captivos
1181 2751 1367 2814 redemerim.

272 2843 353 2903 Dum
366 2843 444 2901 enim
460 2843 665 2909 antereditum
688 2844 816 2924 Philippi
843 2844 935 2905 Pella
958 2847 1219 2921 commorabamur,
1237 2848 1372 2909 nomulli

272 2933 461 3013 captivorum,
476 2934 526 3011 qui
539 2934 629 2996 rades
643 2933 796 3007 dederant,
811 2936 987 3009 diffidentes,
999 2949 1033 2998 ut
1045 2938 1116 2997 mihi
1125 2936 1248 3010 videtur,
1262 2958 1295 2998 ce
1304 2950 1373 3019 post

271 3024 437 3104 aPhilippo
451 3024 482 3085 id
496 3025 709 3104 impetraturos,
731 3025 877 3101 dixerunt,
899 3049 932 3088 se
945 3030 1022 3092 velle
1033 3031 1205 3107 semetipsos
1218 3029 1370 3101 redimm

240 3200 244 3205 Ι
270 3134 367 3196 neque
385 3115 416 3185 id
435 3118 608 3187 beneficium
622 3126 778 3195 acceptum
791 3119 927 3201 Philippo
934 3120 1103 3193 ¹relaturo„
1124 3130 1155 3180 et
1167 3131 1271 3180 mutuo
1291 3140 1370 3182 som·

260 3220 404 3291 ‚pserunt
419 3208 493 3269 alius
513 3219 572 3277 tres
592 3210 695 3281 minas,
713 3208 788 3270 elius
804 3213 944 3291 quinque,
960 3212 1034 3272 alius
1048 3223 1135 3293 prout
1145 3212 1249 3291 cuique
1268 3214 1370 3278 eondi-

135 3304 140 3319 '
269 3302 363 3367 tiones
384 3311 467 3364 eraut
481 3302 648 3382 proponitur.
689 3300 848 3382 Postquam
861 3313 960 3365 autem
975 3303 1127 3384 Philippus
1146 3303 1292 3382 pollicitus
1306 3305 1370 3377 luit

271 3414 304 3455 se
328 3403 440 3463 ceteros
462 3393 569 3461 miracu
588 3394 745 3473 iacturum,
768 3415 827 3475 ego
849 3398 1019 3461 convocatis
1042 3396 1087 3467 iis,
1112 3395 1219 3475 quibus
1237 3406 1369 3459 mutuam

271 3485 427 3562 pecuniam
450 3486 513 3563 ipse
536 3485 685 3559 dederam,
702 3496 734 3547 et
755 3499 887 3550 actorum
901 3488 1302 3561 commendationum
1313 3489 1371 3548 sibi

271 3572 487 3639 festinationem
499 3576 605 3640 laudi.
615 3578 707 3643 suisa
718 3590 874 3658 ,putarent
888 3602 963 3644 nere
987 3582 1049 3643 suis
1061 3580 1227 3659 sumptibus
1244 3579 1370 3641 redime-

270 3674 372 3731 rentur
385 3674 489 3727 tenues
503 3666 647 3742 homines,
662 3690 730 3731 cum
751 3690 820 3750 spes
840 3682 929 3747 esset,
941 3672 1005 3739 sore
1028 3684 1063 3733 ut
1081 3673 1172 3738 ceteri
1193 3692 1214 3732 a
1231 3670 1370 3755 I’bilippo

271 3750 497 3832 dimitterentur)
518 3758 598 3819 dono
620 3761 690 3821 dedi
712 3764 836 3843 pretium
855 3766 1071 3846 redemptionis.
1114 3765 1190 3835 Quae
1208 3775 1243 3826 ut
1262 3784 1330 3841 vere
1349 3785 1369 3833 tt

273 3868 320 3910 me
334 3848 391 3911 dici
405 3858 531 3923 constet,
545 3852 635 3911 recita
649 3854 755 3913 ethaeo
769 3856 945 3918 testimonia.
1158 3847 1165 3859 ³

685 4064 952 4131 TESTIMONIA.

234 4254 238 4263 =
313 4216 582 4299 51·.Quan.igitur
599 4219 697 4287 renisi
710 4224 876 4301 pecuniam,
890 4188 921 4290 et
933 4224 1014 4293 dono
1024 4224 1368 4294 dedifctlsmitotiacirl·

271 4302 336 4379 bus,
356 4305 421 4369 bac
438 4320 494 4371 est.
535 4311 624 4380 Quod
637 4314 661 4375 si
673 4332 743 4377 mort
756 4298 813 4377 iste
825 4318 865 4379 ad
877 4337 930 4380 ros
942 4317 1031 4392 dicet,
1043 4337 1096 4379 cur
1107 4318 1238 4393 nudem,
1260 4318 1369 4387 Des»
