2934 5000
531 340 587 400 DE
608 337 798 466 COROlgA.

156 554 206 611 as.
271 553 275 558 ·
460 517 466 524 ’
531 501 798 612 emortuus.
912 501 915 506 Δ
999 522 1033 618 ,’

355 671 403 716 Pro
413 667 489 730 putris
499 668 525 715 bi
534 669 617 716 tellure
626 683 669 716 sus
677 667 793 728 qnondam
802 680 867 714 arms
878 666 984 722 femmas,

404 745 522 792 Hostilem
535 742 611 790 valida
623 744 669 790 rim
681 742 787 804 repulere
799 757 875 788 msun.

356 819 418 866 Dum
430 836 473 880 pro
483 835 509 865 se
521 819 603 881 positis
614 825 703 867 certant
714 819 801 884 virtute
812 825 931 879 metaque,

402 897 529 942 Commune
538 894 574 940 bis
583 894 669 940 letbuur
680 893 757 954 palma
768 893 897 950 brutescit,

353 968 445 1019 Grebia
452 973 521 1030 otpts
530 971 581 1016 lero
587 984 617 1016 se
626 969 738 1016 subderet
746 983 787 1016 ors
793 976 901 1031 tyranno-

304 1043 308 1050 ’
402 1049 456 1096 Neu
467 1061 538 1108 grase
549 1045 642 1093 servitii
650 1047 724 1092 terret
734 1039 816 1094 ‘sdauts
823 1049 914 1107 jugum.

309 1112 313 1119 Ο
354 1123 488 1172 Pstrissed
498 1121 586 1184 panio
594 1123 708 1168 fessorum
716 1121 865 1198 smplsotitnr
876 1137 938 1178 osu,
1001 1145 1003 1154 ¹

220 1198 223 1206 ¹
317 1213 322 1222 ·
400 1203 461 1249 Nem
470 1201 546 1261 legem
557 1197 663 1248 hammus
674 1199 732 1244 beno
744 1199 803 1244 deus
813 1197 932 1258 imposuit.
1022 1239 1025 1244 .

279 1333 289 1342 ,
351 1276 393 1323 Nil
402 1292 497 1339 peceare
507 1275 575 1323 dcam
587 1281 625 1321 est
635 1279 746 1334 rectoque
757 1288 824 1334 agere
837 1273 913 1322 omnis
923 1289 1001 1329 onrsu,

404 1341 450 1399 Sed
459 1351 501 1398 tui
513 1357 577 1398 osma
587 1355 625 1397 est
632 1365 676 1396 neo
688 1341 796 1418 inplenda
805 1363 894 1395 manns.

114 1476 219 1547 Audis,
233 1476 387 1550 AEscbine,
396 1479 483 1538 etiam
497 1480 526 1538 in
536 1479 594 1538 hoo
603 1477 968 1556 ipso,epigrmumote,quod
983 1477 1036 1536 nil
1054 1497 1210 1556 peccare
1266 1531 1275 1547 ,

114 1567 627 1648 deumestrectoq'ueagere
657 1569 785 1628 omnia
806 1587 930 1628 cursu.
964 1568 1034 1627 Nou
1048 1569 1212 1650 consiliario

113 1658 281 1718 facultatem
294 1661 335 1720 rei
345 1662 420 1721 bene
430 1661 567 1740 gerendae
581 1663 619 1720 ab
632 1660 838 1720 dimicantibus
848 1659 1011 1738 adscripsit,
1026 1661 1078 1720 sed
1088 1659 1143 1742 diis
1157 1660 1211 1723 im·.

112 1750 290 1810 mortalibus.
313 1751 392 1818 Quid
405 1753 492 1830 igitur
501 1753 581 1825 mihi,
595 1753 729 1824 oscelus,
739 1751 783 1810 his
795 1751 832 1810 de
844 1751 940 1810 causis
953 1751 1104 1816 maledicis.
1117 1772 1213 1834 eaque

112 1839 249 1919 loqueris,
263 1844 367 1921 quain
377 1854 463 1903 tunm
475 1856 651 1922 tuorumque
663 1853 752 1923 caput
765 1843 804 1902 dii
819 1842 1012 1903 convertenti
1083 1890 1085 1896 .
1179 1877 1181 1882 ·

153 1933 203 1992 90.
230 1933 414 1996 Cummnlta
424 1936 515 2014 igitur
523 1937 591 2008 alia,
605 1936 812 2003 Athenienses,
828 1933 896 1992 mihi
907 1934 1019 1994 cumini
1037 1935 1121 1996 dedit
1135 1948 1166 1996 et
1178 1940 1208 1999 in

111 2041 159 2082 me
172 2025 311 2085 mentitus
324 2037 380 2099 est,
393 2047 484 2086 unum
497 2028 623 2086 maxime
638 2026 797 2086 demirams
811 2027 991 2104 sum,.quod,
1005 2026 1075 2086 dum
1095 2047 1211 2106 eaquae

111 2122 175 2172 tum
188 2117 299 2176 civitati
319 2123 427 2174 nostrae
451 2117 622 2176 acciderunt
639 2119 890 2186 commemoraret,
908 2137 968 2178 uon
987 2127 1022 2178 ut
1035 2120 1210 2180 benevolum

107 2208 283 2286 justumque
306 2206 406 2266 decuit
426 2209 519 2271 civem
532 2207 731 2279 affectns‘est,
748 2227 810 2270 uon.
819 2206 1021 2286 illacrymavit,
1041 2230 1102 2288 non
1116 2213 1214 2272 ullum·

41 2320 45 2325 ·
111 2297 203 2356 talem
215 2297 246 2356 iu
260 2307 357 2357 mente
371 2318 491 2358 sensum
503 2298 617 2370 habaiu
627 2299 682 2357 sed
693 2297 772 2358 elata
783 2317 857 2358 soce
871 2307 902 2374 et
914 2297 1099 2361 laetabundus
1113 2312 1213 2380 etgu·,

110 2388 170 2446 lam
184 2387 311 2450 dilatans
324 2391 447 2467 putabat
460 2409 492 2449 se
502 2390 572 2448 mibi
581 2389 690 2459 &meu
705 2389 812 2448 inferre
825 2389 947 2459 scilicet,
960 2388 1098 2450 indicium
1112 2403 1209 2453 autem

110 2490 214 2542 contra
226 2501 259 2540 se
272 2481 469 2560 ipselerebat,
483 2482 514 2540 in
526 2482 693 2561 reipublice
707 2480 841 2563 cladibus
856 2501 1040 2561 nequaquam
1058 2502 1090 2546 se
1105 2493 1140 2543 ut
1152 2495 1212 2546 ems

111 2582 190 2634 teres
200 2563 340 2632 afflictum
348 2575 450 2635 fuisse.
460 2574 561 2653 ,Atqui
572 2594 639 2632 eum
649 2574 698 2652 qui
709 2573 765 2633 sibi
778 2573 860 2651 legas
871 2584 901 2632 et
912 2572 1122 2651 rempublicam
1131 2592 1220 2639 curm¹

110 2684 175 2725 esse
189 2666 270 2737 dicit,
282 2666 700 2743 quemadmodumistenunc,
712 2664 741 2725 si
751 2664 823 2722 nihil
837 2664 927 2737 alind,
940 2664 996 2723 hoc
1010 2675 1089 2725 certe
1102 2666 1210 2729 habere

110 2758 256 2829 convenit,
267 2765 303 2816 ut
314 2758 418 2816 iisdem
429 2758 627 2817 rebusdoleat
638 2758 800 2835 iisdemque
815 2756 940 2829 letetur,
955 2758 1059 2833 quibus
1073 2760 1211 2843 populus,

110 2868 209 2925 neque
221 2850 252 2906 in
270 2849 395 2927 publicis
415 2850 542 2909 consiliis
561 2849 750 2909 instituendis
771 2847 1056 2925 abaduersarioruur
1077 2851 1208 2929 partibus

110 2950 208 3006 staret
230 2940 310 3018 quod
332 2953 364 2999 tu
379 2950 573 3019 nuncaperte
587 2941 733 3017 facis,qui
748 2938 936 2999 meomuium
956 2958 1155 3001 causamesse
1171 2952 1207 3003 et
1256 2986 1257 2991 η
1355 2928 1356 2933 ¹
1407 2932 1412 2942 ⁸

109 3049 162 3109 per
175 3049 223 3087 me
236 3031 272 3087 in·
285 3031 434 3089 molestias
448 3031 582 3089 incidisse
596 3031 669 3091 dicis
683 3031 840 3101 civitatem,
854 3049 921 3087 cum
941 3049 1004 3100 vos,
1022 3031 1207 3109 Athenienses,

67 3110 71 3115 ’
110 3140 170 3181 non
185 3140 252 3179 mea
272 3118 520 3176 administratione
538 3136 632 3195 neque
648 3118 781 3177 instituto
800 3116 919 3175 adducti
940 3116 1053 3199 Graecis
1073 3120 1209 3198 opitulari

86 3286 91 3295 Ι
108 3212 266 3290 cumpositis.
298 3210 376 3268 Nam
390 3210 416 3267 si
429 3209 499 3267 mihi
510 3210 568 3268 boc
588 3204 701 3269 a'vobis
717 3209 845 3279 daretur,
859 3229 906 3269 me
921 3218 1039 3268 auctore
1055 3221 1206 3291 tantopere

108 3314 163 3364 ¹sos
177 3299 665 3379 dominationi.illi⁴restitisse‚.quae
678 3302 709 3360 in
731 3300 853 3361 Graecos
867 3302 1098 3379 comparabatur,
1114 3310 1205 3379 majus

106 3397 209 3474 utique
219 3394 289 3477 mibi
296 3393 407 3453 donum
420 3392 603 3463 tribueretur,
612 3412 699 3470 quam
709 3388 777 3469 uuae
790 3392 853 3455 aliis
867 3395 1206 3473 aequans—,concessistis

109 3488 170 3549 Sed
180 3505 279 3565 neque
290 3505 347 3563 ego
359 3484 424 3543 haee
438 3483 636 3562 praedicarim
657 3484 792 3563 injuriam
803 3484 880 3543 enim
894 3483 1021 3543 facerem
1034 3484 1129 3565 uobis:
1151 3508 1203 3549 ne.

107 3599 166 3659 que
178 3598 242 3650 vos,
252 3586 333 3637 certo
344 3576 415 3650 scio,
430 3575 638 3636 concederetis.
658 3575 699 3633 At
711 3573 779 3649 iste,
793 3576 935 3654 sijnstum
949 3594 980 3635 se
994 3578 1125 3653 praebere
1141 3583 1210 3643 rel-.

108 3673 160 3747 let,
169 3689 318 3750 nunquam
331 3670 486 3749 ejusquam
495 3688 542 3728 me
546 3686 621 3727 ‘oum
631 3666 707 3747 gerit
714 3666 872 3727 inimicitia
883 3686 982 3739 causa,
994 3668 1204 3747 gloriosissima

106 3784 143 3823 ex
155 3764 261 3825 vostris
272 3760 451 3822 ornamentis
463 3761 654 3821 labefactaret
665 3769 696 3820 et
707 3760 860 3820 calumniis
872 3759 1082 3839 proscinderet.

148 3862 198 3920 91.
220 3857 280 3917 Sed
293 3876 434 3936 quorsum
448 3874 505 3935 ego
516 3854 585 3914 hoec
596 3854 725 3933 inculpo,
739 3873 807 3913 cum
820 3851 878 3915 alia
890 3851 983 3913 multo
990 3855 1137 3915 atrociora
1148 3857 1200 3915 ob·

102 3952 255 4032 jeceritac
269 3950 425 4009 ementitam
439 3945 499 4007 sit?
519 3992 523 3997 .
539 3946 616 4007 Nam
630 3945 681 4025 qui
702 3946 772 4005 mihi
795 3942 922 4025 Rhitippt
935 3946 1074 4016 studium,
1089 3964 1108 4003 o
1125 3956 1202 4012 terra

108 4045 205 4124 diique
224 4048 342 4103 ornnest
363 4040 474 4120 objicit,
486 4037 558 4117 quid
575 4038 628 4098 bic
652 4039 748 4098 dicere
763 4059 825 4098 non
837 4036 966 4097 audeatl
1007 4037 1106 4113 Atqui,
1121 4036 1198 4097 Her-

106 4136 202 4197 culem
214 4134 450 4211 deosquetestor
462 4132 625 4192 universos!
647 4132 672 4189 si
692 4130 808 4210 quidem
821 4150 888 4189 vore
908 4137 1041 4207 spectare
1056 4138 1198 4205 oporteat,

107 4226 265 4287 mendaciis
286 4234 317 4283 et
336 4226 376 4290 ab
389 4224 459 4284 odio
480 4223 617 4303 profectis
639 4224 820 4283 sermonibus
834 4220 966 4293 sublatis,
980 4220 1030 4298 qui
1042 4238 1142 4281 revera
1155 4223 1198 4287 illi

106 4320 168 4378 sint
187 4316 216 4389 iu
231 4335 353 4396 quornm
367 4318 657 4395 orphanorumque
669 4314 840 4375 acciderunt
853 4312 968 4391 culpam
982 4310 1113 4373 conferre
1133 4336 1195 4377 om.

103 4428 160 4471 nes
172 4406 306 4485 debeant,
315 4408 448 4471 homines
461 4408 543 4471 istius
557 4408 666 4470 similes
684 4426 818 4467 emessa
834 4405 879 4463 in.
890 4402 1013 4485 siugulis
1034 4404 1195 4489 civitatibus
