2934 5000
429 225 662 286 ocurrunt:
683 224 913 286 HALONESO.
1197 217 1241 292 §7
1333 296 1336 303 .

146 391 251 454 nempe
263 377 352 438 ceteri
366 376 463 439 Grrsci
476 379 526 458 qui
539 379 649 440 fcoue
661 399 722 440 non
731 379 950 440 continerentur
961 373 1045 436 liberi
1057 373 1239 434 esscntsuis·

145 485 205 544 que
218 466 348 553 picerent
359 469 485 549 iegibus,
499 489 536 532 sc
548 473 573 532 si
585 471 650 551 quis
659 491 710 533 eos
719 471 882 542 invaderet,
891 479 926 530 ut
934 465 1120 528 msioedemti
1129 464 1239 524 ferrent

143 559 300 629 auxilium:
322 561 399 622 ¹nou
408 563 582 624 urbitrsntes
589 563 645 624 boc
656 577 774 643 equum
787 581 854 624 esse
865 572 898 623 et
903 560 1075 628 humanum,
1084 569 1173 636 quum
1184 573 1239 616 nos

139 650 271 730 sociique
281 654 384 726 nostri,
398 673 489 734 quum
502 655 653 736 Philippus
667 662 789 734 ejusque
806 654 878 716 socii
893 671 999 733 paoem
1017 659 1149 730 egerent,
1163 647 1237 708 ²¹5⁰·

142 743 193 820 qui
204 763 300 822 usqum
307 747 398 806 nostri
407 765 503 826 neque
511 746 719 828 Philippisocii
728 758 837 820 ment,
845 745 976 806 desertos
983 753 1015 805 ct
1022 742 1141 807 relictos
1150 741 1162 774 ²
1170 759 1237 820 per·

143 832 176 894 di
189 854 208 894 s
219 837 441 914 potentioribus,
449 837 502 900 sed
511 839 564 900 hos
572 859 690 921 quoqne
698 849 818 922 propter
829 848 958 903 normam
966 834 1124 918 [vestram]
1134 851 1239 914 paoem

145 944 212 986 esse
224 927 397 1002 incolumes,
407 939 438 990 et
450 949 505 990 nos
513 950 614 992 revera
624 949 823 1012 peremere
834 926 1198 1014 quiarmsposu'userous:
1212 925 1239 985 ir

146 1027 234 1096 porro
246 1021 297 1098 qui
308 1020 339 1082 iu
356 1021 482 1102 epistola
494 1041 558 1098 sua,
571 1035 606 1084 ut
616 1023 778 1098 audivistis,
789 1023 868 1084 hanc
883 1022 1119 1084 emendationem
1133 1011 1243 1080 tutetur
1350 1083 1357 1094 ¹

147 1129 265 1189 requam
277 1131 342 1174 esse
356 1125 387 1174 et
399 1133 418 1174 a
437 1133 470 1176 se
482 1115 581 1194 recipi,
595 1115 723 1178 Pberaeis
735 1117 838 1179 urbem
850 1115 966 1195 eripuit,
978 1124 1011 1178 et
1025 1115 1087 1177 arci
1102 1112 1243 1194 imposuit

143 1203 327 1282 presidium,
340 1215 375 1266 ut
390 1205 501 1268 scilicet
523 1208 583 1268 suis
597 1207 711 1287 legibus
726 1207 836 1280 vivant,
855 1216 960 1268 contre
975 1206 1159 1292 Ambraciam
1174 1222 1244 1266 vcro
1263 1271 1265 1275 ,

147 1295 238 1356 duxit
249 1296 419 1368 exercitum.
435 1299 492 1377 [et]
503 1309 563 1360 tres
577 1301 666 1361 urbes
680 1299 874 1378 incassopia,
880 1297 1067 1371 Pandosiam,
1081 1297 1245 1366 Buchetam

144 1397 180 1448 et
194 1389 348 1461 Elateiarn,
357 1389 492 1450 Eleorum
502 1391 641 1465 colonias,
654 1393 764 1454 exustis
777 1391 867 1470 agris,
879 1391 1053 1471 oppidisque
1062 1389 1091 1450 ri
1104 1389 1244 1461 subactis,
1355 1401 1360 1411 ’
1442 1383 1447 1390 ’

146 1478 319 1542 Alexandro
342 1479 421 1541 affini
444 1499 498 1542 suo
520 1483 550 1542 in
576 1484 746 1544 servitutem
768 1483 860 1544 dedit
901 1482 955 1542 lile
968 1500 1039 1542 sene
1058 1481 1242 1544 vehementer

144 1572 232 1650 cupit
255 1570 375 1634 Grecos
394 1591 459 1636 esse
481 1572 599 1648 liberos,
625 1573 745 1654 suisque
766 1575 864 1638 virere
888 1574 1015 1654 iegibus,
1037 1584 1072 1636 ut
1086 1574 1165 1634 fucta
1178 1575 1244 1654 ipsa

149 1663 559 1836 degiariiitpoliicitationibus
579 1779 649 1822 vero
661 1760 768 1841 quihus
781 1779 835 1821 vos
853 1759 944 1820 luctet
961 1758 1169 1829 indesinenter,
1178 1769 1246 1818 tan·

148 1865 236 1926 quarn
250 1853 356 1928 mepte
369 1847 398 1908 in
413 1869 464 1910 ros
484 1850 627 1911 beneficis
639 1851 810 1923 collaturus,
821 1871 864 1911 se
880 1851 955 1912 tuso
966 1871 987 1911 s
997 1871 1045 1912 me
1058 1851 1246 1922 accurarier

148 1939 226 2018 apud
236 1937 358 2000 Grecos
372 1940 403 1998 in
415 1941 551 2000 invidiam
566 1942 674 2001 adduci
686 1943 768 2016 dicit,
781 1961 872 2021 quum
884 1941 968 2002 robis
980 1942 1053 2004 nibil
1067 1961 1194 2021 unquam
1208 1943 1247 2002 sit

147 2031 303 2112 poilicitus.
342 2031 445 2110 Usque
457 2032 530 2092 adeo
539 2032 693 2110 impudens
701 2043 758 2104 est,
768 2033 794 2091 is
807 2034 870 2112 ipse
883 2033 934 2113 qui
947 2033 978 2092 in
990 2053 1027 2094 ea
1039 2035 1166 2114 epistola
1177 2053 1245 2112 quoe
1341 2025 1365 2071 ‚‘

149 2123 249 2182 adhuc
260 2122 290 2182 in
305 2123 467 2180 bouieutrrio
479 2121 612 2194 hebetur,
621 2122 767 2181 scribebat
779 2142 812 2182 se
823 2122 908 2183 nobis
917 2124 972 2183 sibi
981 2125 1204 2184 adversantibus
1213 2145 1246 2184 os

148 2215 353 2274 obturaturum
373 2212 398 2272 si
416 2231 475 2292 pax
494 2212 587 2283 fieret,
600 2221 646 2272 tot
666 2231 699 2272 se
714 2211 859 2275 beneficio
870 2211 900 2273 iu
913 2233 966 2274 ros
978 2214 1245 2294 collatorumque

148 2306 315 2385 scripsisset
322 2305 385 2384 jam
395 2315 465 2364 tunc
480 2303 504 2364 si
512 2303 643 2364 novisset
655 2323 760 2382 pacem
769 2303 898 2364 futuram
909 2323 997 2364 esse:
1017 2306 1246 2368 bonsilianimi·

150 2417 296 2477 rumque
309 2396 456 2476 accepturi
470 2415 590 2456 eremus
598 2405 733 2476 prompta
747 2403 833 2456 erunt
844 2405 876 2456 et
885 2396 1033 2478 expedita,
1047 2398 1073 2456 si
1086 2399 1244 2477 perderet

150 2495 202 2567 At,
220 2491 298 2553 facta
316 2510 400 2572 pace,
418 2489 562 2551 beneficia
575 2490 605 2550 in
625 2509 679 2551 nos
702 2487 882 2551 conferenda
893 2502 1084 2565 evanuerunt,
1104 2502 1245 2571 tantaque

151 2583 278 2653 Graecia
284 2582 407 2645 vastatio
418 2592 577 2643 consecuta
591 2593 638 2643 eat
649 2591 791 2663 quantum
805 2602 859 2643 ros
871 2582 962 2643 scitis.
1002 2583 1095 2644 Vobis
1107 2595 1204 2651 autem
1214 2586 1247 2651 in

71 2694 78 2703 '
151 2678 209 2747 bne
221 2678 350 2757 epistola
360 2676 524 2756 pollicetur,
537 2677 562 2735 si
575 2673 608 2741 c't
618 2675 677 2736 suis
692 2674 793 2735 amicis
807 2694 843 2735 ec
856 2673 1056 2737 defensoribus
1067 2678 1205 2751 credatis,
1215 2692 1249 2741 et

152 2789 209 2832 uos
221 2770 348 2850 puniatis
362 2769 413 2849 qui
426 2770 522 2848 ipsum
535 2768 614 2850 apud
628 2788 680 2829 ros
698 2768 894 2841 criminamur,
906 2787 940 2829 se
952 2769 982 2827 in
997 2788 1048 2831 vos
1059 2770 1121 2830 iore
1134 2772 1244 2832 beneti-

149 2863 358 2943 centissimum.
400 2861 442 2921 At
451 2861 502 2921 iile
513 2858 657 2921 beneficis
670 2869 757 2921 erunt
768 2858 945 2939 hujusmodi,
954 2879 1050 2941 neque
1060 2872 1155 2923 vestra
1165 2863 1246 2923 vobis

149 2955 350 3016 reddet-sue
358 2954 436 3035 enim
444 2972 507 3015 esse
516 2952 717 3026 contendit—,
725 2950 820 3031 neque
829 2952 1087 3015 doneinbocorbc
1096 2955 1247 3029 habitabili

150 3046 328 3107 locabuntur
341 3056 376 3104 nt
387 3064 447 3115 non
458 3044 587 3106 incurrat
599 3044 629 3104 in
643 3044 743 3105 odium
756 3044 946 3114 Grecorum3
965 3045 1020 3105 sed
1033 3046 1188 3107 verisimile
1201 3061 1246 3111 cst

150 3136 214 3197 sore
229 3142 263 3194 ut
285 3135 383 3212 aliqua
401 3134 459 3194 ulia
475 3136 555 3212 regio
573 3147 604 3200 et
621 3137 696 3201 alius
714 3135 818 3215 aliquis
837 3135 919 3197 locus
937 3137 1033 3199 subito
1050 3150 1180 3217 emergat
1195 3144 1245 3203 ubi

149 3216 234 3305 dona
246 3225 298 3285 illa
309 3225 392 3285 vobis
405 3224 561 3291 dabuntur.
973 3300 979 3305 Ι

189 3330 221 3387 9.
242 3323 289 3385 De
299 3322 413 3403 oppidis
426 3334 525 3383 autem
539 3344 615 3403 que,
628 3344 716 3403 quum
725 3337 825 3387 vestra
834 3337 1081 3407 essent,tempore
1098 3330 1181 3409 pacis
1194 3350 1244 3391 oc-

151 3415 280 3497 cupavit,
295 3414 405 3481 tedere
422 3424 508 3495 rupto
528 3426 558 3475 et
578 3434 651 3495 pace
664 3416 814 3495 despecta,
830 3429 987 3503 postquam
1000 3420 1159 3481 nonhabet
1172 3424 1242 3501 quid

150 3506 337 3587 respoudeat,
348 3506 400 3569 sed
410 3506 578 3587 injuriarum
591 3506 688 3586 palam
698 3508 885 3581 conuincitur,
899 3511 937 3571 de
950 3512 995 3573 his
1003 3513 1150 3577 arbitrium
1163 3536 1246 3595 respuo

152 3609 183 3665 et
195 3597 343 3660 communi
352 3597 465 3677 judicio
478 3599 642 3683 permittere
657 3618 688 3659 se
700 3612 833 3679 peratum
846 3620 914 3663 esse
927 3603 1007 3678 dicit,
1021 3625 1112 3685 quum
1131 3628 1168 3669 es
1180 3610 1246 3669 sola

151 3690 325 3753 sententiam
335 3688 446 3768 judicis
455 3709 514 3751 uon
524 3690 681 3769 requirent,
691 3692 745 3751 sed
758 3693 820 3771 ipse
833 3694 942 3763 dierum
951 3716 1089 3758 uumerus
1099 3701 1244 3775 sitjudcx.

112 3800 126 3827 ⁶
151 3780 265 3843 Omnes
278 3781 355 3844 enim
368 3782 474 3843 scimus
486 3801 546 3862 quo
560 3801 662 3843 mense
675 3794 705 3843 et
722 3793 813 3862 quoto
825 3782 872 3846 dre
884 3808 943 3866 par
955 3790 1092 3858 iactauit.
1135 3792 1244 3858 Quern-

149 3873 308 3935 sdmodum
326 3882 423 3938 autern
443 3872 507 3933 heo
527 3874 644 3949 scimus,
661 3876 704 3935 sic
726 3895 781 3937 nec
797 3876 850 3937 ilis
871 3880 1038 3959 ignoramus
1056 3902 1115 3960 quo
1132 3902 1242 3957 meuse,

150 3976 181 4027 ct
193 3976 283 4043 quoto
296 3964 345 4025 die
365 3964 494 4027 Serrium
516 3977 653 4040 munna,
667 3968 797 4049 Erginos,
810 3980 842 4030 et
854 3971 943 4033 Sacer
961 3973 1051 4033 Mons
1068 3986 1154 4051 cepta
1171 3976 1238 4036 siut.

148 4056 218 4116 bion
231 4058 332 4137 utiquc
342 4076 389 4119 res
402 4069 528 4137 peracte
547 4060 589 4121 ita
600 4062 733 4121 obscure
751 4072 821 4123 sunt
837 4075 870 4122 ut
881 4064 1054 4142 disceptatio
1069 4069 1239 4146 requiratur,

22 4244 23 4247 Ἴ
185 4186 191 4215 ¹
209 4182 269 4229 Nam
281 4189 305 4231 et
316 4198 405 4245 equom
416 4186 459 4234 hoo
471 4186 623 4241 etbumanuru
633 4204 685 4236 esso
739 4192 750 4221 ²
767 4191 818 4238 Nun
829 4192 902 4254 perdi.
919 4192 998 4243 inssi.

151 4244 278 4295 ducebatis.
293 4248 383 4326 Woer-
892 4285 896 4294 ‹
