2934 5000
256 281 316 377 asi
533 313 536 318 ·
570 309 790 372 intensus
810 305 1037 371 summanr.

254 472 340 532 rebus
351 466 467 549 impulsi
480 467 535 528 nos
550 461 709 527 effeceram
718 466 842 544 injrrrffl
862 468 941 526 Sane
954 465 1090 524 omnmo·
1099 464 1287 544 perspicuum
1295 457 1363 534 est,

254 559 477 640 exspectatione
499 577 671 637 magnorum
696 578 715 617 a
740 552 876 638 Philippo
901 575 1057 617 munorum
1083 556 1116 617 id
1142 575 1210 616 osse
1231 550 1363 615 ίιουιιὴ

256 650 362 712 Utrum
376 652 473 728 igitur,
496 649 627 730 Leptine,
646 662 676 710 te
690 651 784 729 magis
797 645 907 720 decuit,
921 651 1055 710 hostibus
1069 649 1094 708 si
1110 659 1205 727 potes,
1219 648 1363 718 susum,

255 765 294 804 ns
305 745 446 803 honorem
460 743 588 802 babeant
598 743 806 822 proditoribus,
819 745 870 822 qui
882 763 919 803 so
931 743 997 822 ipso
1009 760 1070 820 quo
1078 759 1133 800 nos
1142 741 1292 810 leserunt,
1301 742 1359 798 be-

87 875 94 884 ·
132 887 136 892 .
254 837 339 896 nelici
352 837 382 894 in
395 835 624 894 hosteonostros
640 836 827 908 exstiterunt,
836 855 875 894 an
888 836 984 914 legem
997 834 1075 894 benc
1089 834 1174 892 nobis
1185 832 1271 901 ferre,
1284 850 1358 908 que

256 927 355 1005 aliqua
367 928 439 986 dats
450 927 636 1006 benemeritis
651 927 687 984 de
701 927 787 987 nobis
799 929 921 1006 pramis
932 923 1056 1006 eripiat?
1076 945 1133 1004 ego
1146 923 1263 1004 quidem
1278 921 1357 980 illud

254 1019 352 1100 potius
364 1037 431 1077 esse
444 1036 561 1078 censeo.
596 1017 706 1076 Verum
720 1019 887 1098 colongias
908 1022 946 1079 ab
958 1019 1093 1078 instituto
1109 1015 1266 1095 digrediar,
1280 1031 1356 1092 cape

253 1109 521 1182 senatusconsulta,¹
531 1129 598 1187 quse
615 1110 730 1170 Thasiis
744 1122 777 1170 ct
790 1111 958 1191 Byzantinis
971 1110 1080 1189 scn'pts
1092 1115 1172 1169 sunt.
1196 1106 1312 1166 Recita.

596 1311 1020 1392 SENATUSCONSULTA.

255 1466 517 1528 Sensursronsults
539 1467 667 1546 quidem,
687 1467 812 1546 judices,
833 1465 995 1526 andrum.
1037 1463 1184 1522 Fortassis
1204 1473 1304 1523 eutem
1317 1482 1361 1521 ox-

254 1559 318 1620 istis
331 1560 464 1620 nonnulli
478 1559 629 1630 obierunt;
651 1571 682 1621 at
695 1581 743 1620 res
757 1569 849 1638 geste
862 1559 960 1618 odinum
969 1565 1251 1634 exstautpostquum
1261 1554 1355 1614 semel

254 1661 347 1729 geste
360 1661 435 1712 sunt.
479 1652 640 1712 Columnas
654 1652 742 1730 igitur
751 1659 804 1711 'ens
823 1652 854 1710 in
866 1659 1039 1729 perpetuum
1052 1661 1132 1708 ratus
1144 1666 1210 1706 esse
1225 1646 1354 1718 sinitote,

253 1752 288 1802 ut
301 1762 349 1814 ne,
363 1743 434 1803 dum
448 1732 501 1802 ulli
516 1743 688 1821 superstites
701 1743 819 1813 luerim,
828 1742 933 1820 injuris
944 1740 1255 1820 per-ros'afficisntur:
1276 1749 1355 1798 etot

251 1843 408 1911 postquam
422 1832 554 1904 obierint,
568 1833 654 1892 moris
672 1833 799 1893 civitatis
818 1843 926 1893 nostroe
939 1833 1151 1891 monimentum
1163 1831 1233 1900 sint,
1243 1839 1276 1888 et
1287 1842 1369 1900 tan:

252 1941 340 2001 quum
357 1922 493 2000 exemplu
514 1925 664 2002 proposita
687 1925 820 1984 bunede
841 1925 924 1984 nobis
948 1923 1052 1984 mereri
1073 1922 1272 2000 cupientibus,
1284 1939 1351 1998 quus

253 2023 402 2085 moneant,
414 2023 544 2074 nostram
558 2016 661 2074 urbem
676 2017 799 2092 gratiam
815 2015 854 2075 de
866 2036 899 2076 se
912 2015 1096 2075 benemeritis
1111 2015 1259 2073 retulisse.
1298 2015 1352 2071 At·

254 2123 311 2182 qus
325 2103 397 2164 illud
412 2105 510 2178 etism,
526 2105 738 2179 Athenienses,
750 2127 806 2167 vos
821 2127 859 2166 ne
869 2107 971 2176 latest,
984 2107 1184 2185 turpissimum
1193 2125 1270 2176 esse,
1283 2125 1353 2164 cum

254 2195 496 2256 omneshomines
508 2207 571 2255 tum
584 2197 703 2257 videant
719 2207 782 2257 tum
804 2197 926 2257 audiant
945 2195 1138 2266 calamitates,
1158 2197 1188 2256 in
1208 2216 1285 2275 quas
1303 2197 1353 2255 isti

255 2286 307 2346 viri
321 2287 497 2361 inciderunt,
511 2287 591 2348 omni
607 2298 737 2367 tempore
749 2299 829 2348 retes
840 2287 897 2348 illis
907 2289 1062 2362 mansisse,
1075 2288 1204 2367 praemis,
1217 2309 1285 2366 quoe
1298 2309 1351 2368 pro

252 2377 308 2438 illis
322 2390 510 2459 acceperunt,
522 2399 541 2440 a
554 2381 635 2439 vobis
648 2382 727 2440 irrita
740 2401 808 2441 esse
821 2381 908 2442 factu.
931 2381 1029 2440 Multo
1038 2381 1117 2440 enim
1130 2381 1350 2440 convenientius

253 2480 325 2543 erat,
339 2471 525 2551 manentibus
551 2471 770 2551 donationibus,
790 2472 948 2533 infortunia
970 2472 1111 2543 minuere,
1127 2492 1213 2553 quarn
1235 2472 1350 2551 eripere

250 2564 379 2641 premia,
392 2564 574 2625 calamitates
589 2563 763 2642 relinquere.
794 2564 951 2644 Numquis
965 2576 1021 2639 est,
1031 2567 1128 2626 Deum
1141 2566 1350 2630 immortalem!

251 2657 300 2735 qui
309 2657 391 2717 uobis
403 2656 577 2717 benefacere
587 2657 667 2731 velit,
677 2659 701 2717 si
714 2667 837 2717 conatus
850 2678 910 2718 non
923 2662 1128 2737 successerint,
1137 2680 1207 2719 mox
1217 2660 1351 2719 hostibus

250 2766 354 2824 poenss
368 2750 504 2809 daturus:
526 2750 571 2809 sin
582 2750 792 2819 successerint,
807 2750 927 2809 dubiam
940 2770 959 2811 a
973 2753 1056 2811 vobis
1069 2754 1191 2831 gratiam
1201 2752 1351 2813 initurus?

178 2904 181 2912 ,
296 2842 344 2899 16.
366 2840 606 2901 Molestissimum
628 2861 706 2914 vero,
726 2842 855 2920 judices,
878 2842 949 2902 mihi
975 2844 1072 2917 fuerit,
1095 2844 1120 2903 si
1146 2844 1204 2903 hoc
1232 2845 1350 2905 nomine
1454 2867 1458 2910 ι

251 2932 396 2993 duntaxat
415 2931 512 3007 legem
530 2933 596 3011 jure
618 2952 797 3008 accusarem,
820 2935 902 3014 quod
924 2936 1025 2997 multis
1053 2936 1180 2997 externis
1208 2937 1287 2997 bene
1312 2938 1349 2997 de
1456 2997 1457 3006 ,

250 3024 352 3103 repub.
366 3021 476 3081 meritis
489 3022 701 3085 immunitatem
716 3026 836 3106 eripiat:
858 3029 965 3089 civium
973 3048 1042 3089 vero
1062 3028 1207 3089 neminem
1220 3028 1349 3107 prolerre
1456 3031 1457 3104 ζ

249 3134 378 3195 possem,
392 3115 439 3175 cui
455 3116 557 3175 merito
570 3116 595 3176 is
609 3118 703 3178 bonos
718 3121 900 3200 contigisset.
942 3120 1021 3180 Nem
1035 3141 1103 3181 cum
1123 3120 1245 3189 aliarum
1259 3140 1348 3200 opum

248 3211 404 3269 maximam
419 3208 497 3287 apud
509 3228 562 3269 vos
576 3229 643 3270 esse
657 3212 772 3290 copiam
780 3214 913 3292 optarim,
922 3223 985 3272 tum
994 3214 1251 3292 praestantissimos
1260 3216 1349 3285 viros,

249 3320 285 3361 sc
307 3302 448 3382 plurimos
468 3302 507 3362 de
527 3304 676 3383 republica
693 3304 891 3366 benemeritos
903 3307 982 3365 cives
1001 3326 1075 3367 esse.
1116 3306 1245 3365 Primum
1260 3307 1351 3385 igitur

249 3392 400 3455 Cononem
420 3395 582 3467 intuemini,
596 3406 693 3455 utrum
706 3415 823 3475 aequum
837 3398 887 3469 sit,
900 3398 1043 3459 velillum
1055 3398 1160 3472 uirum,
1177 3400 1226 3459 rel
1248 3418 1296 3459 res
1310 3401 1349 3459 ab

248 3506 285 3547 oo
298 3500 409 3564 gestas,
422 3488 609 3567 reprebendi,
631 3508 666 3549 sc
679 3490 851 3551 donationes
863 3490 905 3549 illi
922 3491 1016 3550 factas
1030 3491 1172 3568 abrogari
1215 3491 1245 3551 ls
1259 3492 1349 3566 euim,

248 3588 282 3637 ut
291 3596 320 3636 ·e
337 3588 463 3637 vestrum
478 3581 665 3657 quibusdam,
678 3582 730 3660 qui
740 3583 869 3660 equales
880 3582 922 3641 illi
934 3584 1063 3655 luerunt,
1077 3582 1178 3641 audire
1188 3582 1267 3655 licet,
1281 3596 1351 3664 post

248 3666 353 3748 Populi
373 3686 389 3727 e
408 3667 520 3728 Piraeeo
539 3671 674 3741 reditum,
695 3674 767 3731 urbe
786 3684 889 3733 nostra
909 3673 1032 3745 infirma,
1046 3682 1078 3733 et
1097 3673 1209 3735 nullam
1227 3672 1349 3735 omnino

247 3780 351 3822 narem
365 3758 543 3839 possidente,
559 3781 627 3820 curn
649 3764 711 3841 regi
735 3764 892 3824 Persarum
906 3764 1065 3824 exereitum
1074 3764 1213 3834 duceret,
1225 3786 1245 3825 a
1263 3765 1348 3828 robis

247 3850 328 3913 nulla
340 3870 372 3911 re
387 3869 506 3930 prorsus
516 3850 562 3929 adj
567 3862 645 3926 utus,
658 3855 754 3913 navali
769 3856 873 3934 proelio
886 3855 1131 3925 Lacedaemonios
1143 3858 1304 3935 supererit,
1318 3869 1350 3917 et

246 3945 298 4023 qui
310 3944 390 4023 prius
404 3941 467 4001 eliis
482 3941 624 4021 imperare
641 3955 830 4015 consuerant,
841 3965 892 4005 eos
906 3946 989 4005 vobis
1001 3965 1102 4025 parere
1116 3947 1235 4019 docuit,
1248 3959 1280 4007 et
1291 3949 1348 4009 La·

246 4054 353 4095 conum
371 4036 558 4113 magistratus
573 4054 609 4094 ex
622 4035 726 4095 insulis
735 4036 847 4115 expulit
857 4058 866 4107 ς
877 4038 986 4098 duodo
996 4037 1224 4117 bucprofectus,
1238 4042 1348 4101 muenia

192 4122 201 4129 ’
245 4129 384 4197 resumis
405 4138 435 4187 et
449 4128 559 4206 primus
573 4122 727 4201 effecit,·ut
740 4138 838 4187 nostm
850 4132 920 4191 urbs
935 4150 1035 4190 rursus
1048 4130 1087 4189 de
1098 4130 1264 4210 principatu
1277 4151 1348 4191 cum

246 4218 474 4281 Lacedaemoniis
489 4220 659 4300 disputaret.
701 4220 737 4279 ln
750 4221 816 4281 solu
829 4221 906 4281 enim
919 4222 995 4283 illius
1010 4240 1046 4282 ex
1059 4223 1195 4282 omnibus
1206 4222 1349 4283 columna

245 4312 383 4387 scripturn
400 4324 456 4385 est,
468 4313 513 4372 bis
526 4313 641 4373 verbis:
662 4322 858 4393 postquem
875 4312 977 4375 Cono
999 4314 1130 4375 socios
1145 4314 1347 4375 Athenien-

243 4399 335 4459 sium
357 4401 609 4464 liberauitn-
623 4406 682 4465 Est
695 4408 793 4467 sutem
806 4426 842 4467 es
855 4406 1013 4486 inscriptio,
1030 4406 1157 4486 judices,
1171 4405 1347 4484 illiquidcm
