2934 5000
273 323 333 386 256
514 321 570 380 DE
590 319 711 381 MALE
732 319 875 412 ousta
896 317 1145 378 LEGATIONE.
1229 406 1232 411 ἱ

274 487 359 550 tator,
380 476 627 556 dirisohligatus,
655 473 795 545 mendax,
820 472 980 532 amicorum
993 471 1138 550 proditor,
1160 470 1259 534 omnia
1278 473 1394 533 insunt

277 570 470 638 atrocissima,
485 568 557 627 nihil
570 567 674 628 horum
695 566 843 636 defendet,
864 583 960 642 neque
976 563 1132 641 quicquam
1145 564 1225 647 sequi
1243 566 1391 640 anthoni

272 661 448 741 respondere
462 660 586 740 poterit:
608 679 675 737 quae
688 667 788 718 autem
804 676 862 735 ego
881 675 948 715 eum
967 674 1175 734 responsurum
1194 675 1262 714 csse
1279 656 1388 726 audio,

276 755 345 814 sunt
362 754 413 813 illa
424 753 543 831 quidem
563 752 685 814 insanioe
703 750 843 829 proxima.
874 747 934 807 Sed
954 767 1022 806 euru
1042 747 1168 807 fortasse
1190 747 1242 824 qui
1265 747 1387 806 nullam

267 847 381 925 justam
394 834 485 904 habet
496 843 726 910 excusationem,
747 840 862 920 quidvis
883 857 1005 898 necesse
1023 850 1071 898 est
1088 838 1279 898 comminisci.
1327 838 1386 896 Di-

271 948 386 997 cturum
399 937 610 1007 sudiaconum
633 953 681 992 me
703 952 771 1010 qum
788 949 936 1003 accusem,
950 930 1062 990 socium
1082 929 1137 988 sibi
1159 929 1259 1002 luisse,
1271 942 1305 990 et
1327 951 1385 1009 ap·

273 1032 465 1110 mohatorcm,
489 1040 521 1088 et
547 1027 711 1106 adjutorem
734 1025 874 1096 omnium,
896 1043 933 1083 ac
956 1021 1062 1082 deinde
1083 1031 1203 1099 repente
1233 1034 1384 1082 mutatum

274 1138 422 1182 accumre.
446 1123 629 1198 Quanquam
638 1131 735 1178 autem
748 1128 880 1178 actorum
899 1116 951 1176 illa
968 1135 1064 1194 neque
1079 1114 1164 1193 justa
1175 1125 1222 1172 est
1233 1112 1381 1179 defensio,

272 1233 369 1292 neque
396 1213 582 1282 conveniens,
609 1211 663 1270 sed
690 1209 748 1268 mei
772 1209 908 1286 quaedam
936 1207 1087 1267 accusatio
1111 1210 1183 1283 (ego
1210 1207 1381 1278 enimqista

273 1305 386 1376 sileni,
404 1321 530 1382 nequam
549 1303 638 1363 homo
658 1321 734 1372 sum,
756 1321 804 1360 res
824 1310 923 1361 autem
937 1310 1092 1378 propterea
1111 1297 1202 1356 nihilo
1225 1309 1296 1358 sunt
1316 1319 1381 1358 me-

248 1431 252 1438 ·
273 1395 484 1474 hosannaque
507 1394 604 1454 multis
621 1394 718 1454 verbis
737 1398 888 1471 est-opus)
907 1403 1006 1452 nmen
1027 1390 1112 1451 officii
1128 1391 1184 1450 mei
1208 1411 1273 1450 esse
1293 1403 1380 1470 puto,

274 1498 427 1567 utrumque
448 1488 531 1549 robis
554 1498 588 1546 ut
606 1486 771 1557 ostendam,
793 1497 825 1547 et
843 1485 1032 1544 mentiturum
1055 1503 1132 1554 eum,
1148 1485 1174 1542 si
1195 1482 1266 1544 talia
1287 1484 1380 1557 dicet,

274 1590 304 1640 ct
322 1580 483 1658 legitimam
501 1579 701 1639 defensionem
720 1578 945 1637 declinaturum.
981 1576 1057 1643 Quae
1077 1576 1120 1635 ita
1140 1575 1227 1636 luerit
1246 1577 1329 1655 justa
1349 1587 1381 1636 et

273 1671 406 1749 simplex,
422 1671 446 1730 si
460 1680 583 1728 autnon
597 1669 702 1728 fecisse
717 1687 750 1726 se
762 1687 829 1746 qum
842 1677 1029 1738 accusentur,
1048 1667 1226 1737 ostenderet,
1240 1679 1292 1726 aut
1310 1680 1378 1728 acta

273 1783 341 1842 quae
354 1763 422 1832 sint,
435 1761 579 1840 proluisse
594 1758 778 1838 reipublicm3
800 1777 923 1837 quorum
932 1759 988 1818 iste
1001 1769 1137 1818 neutrum
1151 1759 1248 1818 lacere
1261 1761 1378 1837 poterit

273 1853 379 1932 Neque
402 1854 478 1912 enirn
499 1852 630 1929 prolecto
653 1850 752 1910 dicere
774 1851 892 1929 poterit,
913 1849 1061 1928 expedire,
1082 1861 1116 1910 ut
1133 1850 1304 1911 Phocenses
1325 1873 1377 1930 pe·

271 1945 382 2012 sierint,
396 1953 430 2002 ut
442 1942 530 2021 Pylas
545 1941 697 2022 Philippus
719 1951 828 2013 teneat,
842 1952 877 2000 ut
889 1941 1023 2002 'l'hehani
1036 1941 1095 2001 siut
1107 1949 1253 2020 potentes,
1277 1955 1311 2002 ut
1322 1947 1376 2019 mi-

267 2035 339 2094 lites
352 2036 383 2094 iu
397 2035 510 2094 Euboea
523 2045 684 2105 versentur,
699 2045 733 2094 ut
746 2034 878 2112 Megaris
897 2033 1012 2094 insidias
1025 2034 1108 2104 liant,
1122 2042 1156 2092 ut
1167 2053 1228 2112 pax
1242 2036 1324 2095 nullo
1338 2040 1378 2098 sit

259 2126 458 2206 .jurejurando
476 2128 657 2198 confirmata,
677 2128 783 2205 quibus
804 2135 868 2185 tum
888 2127 1034 2186 contraria
1053 2126 1136 2186 vohis
1163 2127 1322 2199 nunciavit,
1343 2141 1378 2189 ut

272 2235 340 2295 quoe
362 2229 392 2276 et
411 2215 493 2276 iutilia
510 2229 667 2288 assantes
685 2219 914 2279 luturaessent:
936 2239 1032 2297 neque
1051 2219 1102 2278 illa
1120 2237 1180 2278 non
1203 2239 1267 2280 csse
1286 2223 1375 2292 lacta,

184 2309 187 2314 '
270 2308 447 2388 persuadere
460 2308 543 2366 vohis
555 2308 670 2387 poterit,
679 2309 729 2385 qui
739 2311 853 2368 vidistis
865 2312 933 2385 ipsi,
940 2321 972 2366 at
984 2323 1134 2386 comperta
1145 2311 1268 2388 habetis.
1291 2310 1373 2372 Reli·

165 2429 167 2434 ’
271 2421 361 2482 quum
380 2411 435 2472 ast,
456 2399 533 2480 nihil
541 2399 663 2458 istorum
676 2398 807 2458 omniurn
820 2399 860 2456 ad
873 2417 921 2456 me
935 2398 1060 2458 attinere
1073 2410 1108 2460 ut
1119 2400 1282 2460 ostendam.

152 2561 156 2572 Ι
186 2554 193 2572 ,
271 2525 282 2534 ·-
310 2495 362 2554 61.
384 2491 486 2553 Vultis
504 2491 592 2572 igitur
612 2511 669 2563 mc,
688 2492 794 2551 ceteris
812 2491 947 2551 omuibus
964 2493 1146 2566 omissis,*ut
1164 2493 1277 2555 scilicet
1293 2497 1373 2575 apud

269 2606 324 2647 ros
344 2587 374 2645 in
393 2585 518 2646 cossim
537 2584 677 2651 invectus,
692 2592 726 2641 ut
745 2584 774 2640 in
795 2582 898 2656 itinere
910 2603 962 2644 eos
982 2577 1165 2655 offenderim,
1185 2598 1220 2647 ut
1235 2588 1277 2648 eis
1296 2592 1374 2648 omni

272 2690 403 2759 tempore
418 2678 470 2736 sim
487 2676 667 2744 adversatus,
679 2675 751 2733 istos
765 2674 846 2753 ipsos
860 2677 1020 2753 producere
1029 2681 1228 2739 testesomnia
1240 2680 1373 2741 interme

270 2780 302 2829 et
314 2770 384 2829 illos
394 2768 539 2829 contraria
551 2786 617 2827 esse
637 2765 737 2826 lacta?
756 2766 830 2825 istos
843 2769 997 2845 pecuniam
1018 2783 1123 2829 contra
1139 2790 1193 2831 vos
1215 2773 1372 2852 accepisse,

195 2842 207 2869 x
271 2880 319 2919 me
332 2860 507 2920 recusasset
528 2860 633 2918 Videte
654 2860 752 2938 igitur,
774 2880 930 2938 quamnam
950 2862 981 2919 in
1005 2851 1122 2923 ciuitate
1142 2863 1291 2925 fateamini
1308 2887 1372 2927 esse

270 2952 530 3021 vecordissimum,
558 2960 587 3010 ct
610 2952 782 3013 temeritatis
809 2962 896 3032 atque
921 2954 1111 3033 impudentias
1135 2957 1372 3017 refertissimum?

271 3044 427 3105 Neminem
440 3043 565 3103 ¹restrum
585 3042 631 3102 vel
645 3064 697 3124 per
709 3064 835 3105 errorem
848 3045 938 3105 aliurn
959 3047 1020 3106 scio
1034 3042 1192 3118 dicuntum,
1204 3069 1291 3126 quam
1301 3049 1369 3108 Phi·

258 3136 436 3197 inoratam·
454 3136 549 3201 Quem
563 3146 662 3196 autem
682 3137 809 3195 omnium
829 3137 1086 3213 clamosissimum,
1104 3151 1136 3202 et
1156 3142 1293 3219 quaelihet
1310 3142 1370 3201 cla-

269 3230 384 3291 rissima
402 3230 474 3290 voce
493 3228 755 3309 pronunciantem?
775 3215 947 3291 AEichinem
974 3231 1120 3292 nimirum.
1155 3233 1251 3315 Quam
1274 3245 1369 3293 autem

270 3322 318 3382 isti
331 3342 429 3383 carere
442 3322 575 3396 audacia,
591 3334 621 3381 et
631 3322 765 3382 timidum
777 3342 843 3382 esse
853 3324 891 3383 ad
905 3325 1007 3383 turbas
1016 3323 1131 3395 dicunt,
1144 3344 1201 3403 ego
1214 3335 1309 3385 autem
1319 3344 1366 3383 ve-

269 3414 450 3475 recundum'l
472 3418 533 3477 Me.
557 3418 660 3497 Neque
674 3416 752 3475 'enim
766 3436 894 3495 unquam
907 3416 991 3475 vobis
1005 3416 1145 3475 molestus
1158 3412 1211 3487 lui,
1224 3427 1276 3476 aut
1287 3417 1367 3494 coegi

217 3560 222 3566 .
269 3504 385 3564 inritos.
397 3510 490 3585 Atqui
499 3510 667 3571 inomnihus
678 3509 877 3579 concionibus,
883 3508 998 3586 quoties
1009 3508 1047 3567 dc
1055 3508 1216 3571 hismentio
1228 3510 1304 3569 facta
1311 3518 1366 3577 est,

220 3627 224 3635 =
267 3604 301 3653 et
315 3608 499 3657 accusantem
513 3620 559 3659 me
574 3600 707 3673 audistis,
721 3613 753 3663 et
765 3620 880 3680 semper
893 3601 965 3660 istos
980 3600 1216 3679 redarguentem,
1229 3611 1260 3660 et
1272 3598 1368 3681 palam

270 3684 429 3759 dicentem,
453 3708 504 3747 sos
527 3693 676 3769 accepisse
699 3692 863 3771 pecuniam,
886 3703 916 3751 et
941 3694 1040 3751 omnia
1060 3692 1227 3752 vendidisse
1253 3693 1369 3771 negotia

265 3778 405 3839 civitatis.
431 3779 507 3849 Quoe
527 3780 654 3841 iaticum
666 3785 812 3855 audirent,
825 3802 912 3843 nemo
925 3804 1054 3863 unquam
1068 3803 1171 3844 eorum
1184 3785 1238 3843 ivit
1248 3785 1368 3859 inficias,

269 3890 328 3932 non
342 3890 376 3929 os
389 3872 511 3949 aparuit,
525 3890 584 3929 non
598 3891 630 3930 se
648 3874 784 3933 ostendit.
816 3876 892 3941 Qum
904 3877 993 3954 igitur
1010 3886 1171 3945 causaest,
1191 3886 1226 3936 nt
1238 3876 1368 3950 omniurn

268 3960 474 4023 vaecordissimi
491 3960 522 4021 in
537 3960 663 4035 civitate,
678 3974 709 4022 et
727 3984 800 4024 voce
813 3965 993 4043 amplissima
1005 3968 1130 4046 praediti,
1144 3987 1165 4028 a
1181 3986 1228 4027 me
1242 3969 1368 4029 omnium

268 4053 461 4127 timidissimo,
478 4064 513 4113 et
531 4052 646 4115 nemine
665 4053 936 4134 clariusloquente,
950 4068 1064 4119 tantum
1076 4059 1273 4139 superentur?
1293 4059 1367 4127 Quia

268 4148 373 4207 verius
386 4157 431 4207 est
443 4158 558 4227 potens,
573 4146 747 4208 contrarium
760 4146 915 4209 infirmum.
946 4151 1140 4211 Conscientia
1157 4152 1364 4231 proditionum,

199 4259 216 4273 ·
268 4236 351 4315 eripit
370 4239 412 4298 eis
432 4239 595 4318 audaciam,
609 4260 646 4300 ea
662 4239 794 4319 linguam
814 4240 953 4320 reprimit,
968 4243 1087 4303 obturat
1103 4263 1149 4317 os,
1170 4244 1263 4321 angit,
1280 4240 1365 4301 silen-

266 4326 338 4385 h'nm
351 4328 484 4407 imponit.
515 4332 699 4393 Postremum
718 4343 816 4394 anoem
837 4332 1057 4414 illudprofeoto
1074 4334 1180 4403 no'sds,
1203 4334 1364 4403 eumcum

235 4504 236 4507 Ἴ
265 4432 361 4497 anper
374 4419 504 4499 legatum
520 4424 560 4484 ire
573 4442 633 4487 non
648 4424 790 4501 sineretis,
807 4424 985 4498 clamitasse,
999 4426 1079 4491 dnm
1093 4445 1125 4489 se
1138 4423 1209 4486 mihi
1222 4423 1364 4489 stemma
