2934 5000
231 286 271 344 tt
501 279 661 344 ORATIO
684 279 745 343 DE
768 277 1056 344 CHERSONBSO.
1112 289 1117 318 ¹

98 407 102 417 Ι
230 437 302 500 inda
313 435 528 517 psemdusdm
539 455 592 499 ros
605 457 684 511 eun,
697 436 820 500 wbinda
831 435 883 517 qui
894 445 1069 516 euggem
1080 435 1265 509 contendit,
1277 455 1328 498 so·

93 553 96 566 ·
230 534 323 614 gitare
337 531 446 605 soletis,
459 530 530 610 qaid
542 531 629 611 igitur
649 531 817 592 faciendum
836 532 903 593 asti
922 535 963 590 ss'u
979 545 1108 611 egonus
1127 531 1327 612 ἱῠῒθπθςώθι

230 624 401 706 qnidigitut
424 634 470 685 est
490 623 666 684 mendant
686 643 755 684 nam
775 625 867 686 sivos
887 642 982 702 neque
1003 623 1142 683 urbanum
1162 625 1328 696 conluuie,

231 737 328 799 neque
339 717 395 798 ipsi
404 711 573 789 militabitis,
584 733 679 795 neque
689 717 814 796 publicas
821 716 956 796 peeunta
961 715 1100 797 paroet‘u,
1109 737 1204 796 neque
1216 718 1329 777 consti-

231 822 326 874 tutam
340 810 472 892 Diopithi
482 811 634 891 pecuum
648 810 847 881 numerabitis,
859 829 914 869 nec
926 828 994 888 quae
1006 810 1070 890 ipae
1080 809 1135 869 sibi
1143 811 1329 890 'compararit

232 895 518 984 retorquete-neque
538 913 666 966 vestrum
676 905 826 984 negotium
841 921 928 983 agere
940 903 1055 973 voletis,
1070 921 1132 964 non
1142 895 1241 963 'mnae
1254 905 1328 984 quid

234 997 339 1062 dicam.
383 995 460 1056 Nam
470 995 566 1075 sijum
575 1005 686 1056 tanum
697 992 846 1056 licentiam
853 993 1000 1055 criminari
1010 995 1216 1055 etcalumniari
1225 995 1330 1054 volen-

234 1091 313 1151 tibus
328 1089 411 1162 datis,
431 1099 466 1148 ut
483 1087 539 1149 illis
553 1106 669 1168 quoque
683 1088 720 1148 da
740 1088 827 1147 rebus
839 1085 914 1166 quas
925 1096 1058 1146 acturum
1079 1093 1146 1147 eum
1159 1105 1224 1147 esse
1236 1087 1332 1159 ιίιιιιι,

237 1183 393 1261 antequam
406 1181 487 1256 fiant,
501 1189 672 1240 accusantes
687 1177 822 1250 audiatis,
835 1177 906 1258 quid
919 1175 1025 1257 aliquis
1037 1177 1137 1238 dicat?

275 1279 305 1336 7.
326 1273 406 1342 Quid
419 1293 488 1335 vero
501 1273 547 1333 his
560 1273 648 1333 rebus
656 1272 832 1354 proficiatur,
842 1279 972 1330 vestrum
980 1271 1156 1351 quibusdam
1164 1281 1332 1353 estcogno-

237 1369 390 1431 scendum.
431 1367 537 1429 Dicam
557 1379 655 1428 autem
674 1367 780 1434 libera:
796 1385 852 1426 nec
865 1360 943 1426 enim
961 1385 1083 1446 possam
1103 1367 1195 1427 aliter.
1235 1368 1337 1437 Qum¹

237 1462 412 1542 quot·vestri
426 1459 516 1522 ducas
535 1480 552 1520 e
566 1469 663 1520 vestro
681 1468 766 1539 portu
784 1478 914 1537 unquam
931 1459 1090 1532 solverunt,
1103 1459 1135 1518 hi
1154 1479 1266 1530 omnes,
1279 1470 1340 1521 aut'

235 1573 293 1634 ego
305 1573 353 1614 me
363 1553 466 1634 quovis
479 1553 619 1633 supplicio
631 1551 753 1632 dignum
765 1551 888 1624 fatebor,
901 1561 933 1612 et
944 1571 964 1612 a
975 1551 1057 1610 Chiis
1076 1561 1107 1612 et
1119 1553 1156 1612 ab
1170 1551 1333 1632 Erythraeis

237 1739 394 1818 accipiunt.
435 1717 592 1816 Accipiunt
604 1747 701 1804 autem
711 1736 762 1816 qui
772 1731 1116 1818 naveshabentsingulas
1127 1737 1267 1798 autbinus
1278 1740 1336 1798 mi-

238 1849 349 1903 norem,
362 1829 518 1911 majoribus
531 1830 663 1890 instructi
676 1829 769 1910 copiis
778 1833 926 1906 majorem.
957 1826 1156 1903 licitantem,
1167 1832 1336 1909 quicumque

238 1921 322 1994 dant,
335 1939 433 2002 neque
443 1939 546 2002 panum
558 1939 652 2000 neque
666 1919 789 1980 multum
802 1921 987 2001 grafia-nec
999 1921 1075 1982 enim
1090 1922 1132 1980 ita
1146 1923 1337 1982 insaniunt-

238 2013 295 2074 sed
307 2012 382 2073 illud
395 2014 445 2073 lue
454 2014 569 2092 pemmo
580 2013 737 2089 redimunt,
746 2023 781 2073 ut
792 2033 831 2074 ne
838 2024 1013 2081 mercatores
1026 2015 1071 2074 aui
1078 2014 1194 2094 injuriis
1204 2015 1336 2075 affician

238 2115 296 2180 tur,
310 2121 348 2166 ne
362 2105 532 2186 spolientur,
545 2107 704 2168 incolumes
718 2125 781 2166 suae
796 2122 885 2167 naves
898 2106 1090 2195 deducantur,
1103 2115 1134 2165 et
1146 2107 1269 2166 similia.
1290 2108 1335 2166 ai-

237 2191 293 2258 unt
304 2207 402 2259 autem
418 2217 450 2260 aa
462 2200 673 2260 &attolentia
684 2219 776 2262 causa
787 2201 869 2273 dare,
881 2199 969 2278 idque
977 2217 1084 2259 nomen
1096 2200 1261 2278 hujusmodi
1275 2199 1334 2260 lar-

242 2290 403 2398 gidonibus·
410 2293 657 2354 accommodetur.
698 2293 787 2352 lam
779 2292 868 2372 igitar
878 2293 966 2351 etiam
977 2289 1104 2370 Diopitlri
1113 2293 1271 2352 exercitum
1280 2293 1335 2354 ha-

239 2383 322 2444 benti
336 2383 454 2446 minime
475 2384 597 2445 dubium
614 2395 669 2457 est,
684 2384 756 2462 quin
776 2383 826 2442 isti
844 2401 946 2443 omnes
967 2383 1120 2462 pecuniam
1139 2384 1235 2444 daturi
1256 2386 1336 2446 sinte

241 2493 309 2537 nam
323 2475 402 2537 unde
416 2473 488 2537 alias
502 2494 580 2549 eum,
592 2476 640 2556 qui
653 2493 709 2535 nec
728 2475 839 2538 anobis
853 2474 1008 2555 quicquam
1022 2474 1129 2555 accipit
1140 2494 1197 2536 nec
1208 2477 1270 2556 ipse
1281 2477 1336 2539 ha·

241 2568 294 2629 bet
305 2568 385 2627 unde
399 2567 546 2647 stipendia
559 2567 662 2635 solvat,
676 2566 784 2625 milites
807 2566 885 2626 aleta
903 2566 1034 2646 pittatia?
1053 2568 1091 2627 de
1104 2568 1198 2629 eoeloi
1218 2570 1337 2631 minime

242 2658 273 2717 id
287 2656 423 2735 quideme
445 2656 497 2717 sad
511 2656 557 2715 hia
578 2656 776 2735 proventibus,
789 2676 865 2735 quos
886 2665 1047 2736 congregat
1067 2668 1099 2719 et
1121 2659 1286 2720 emendicat
1306 2674 1339 2722 et

243 2758 405 2822 mutuatur,
415 2768 466 2809 eos
481 2756 637 2809 sustentat:
679 2748 778 2815 Quare
792 2749 841 2827 qui
851 2768 918 2808 eum
931 2749 1010 2829 apud
1022 2768 1074 2809 vos
1086 2749 1253 2824 traducunt,
1266 2754 1341 2813 nihil

244 2840 323 2903 eliud
337 2849 439 2921 agunt,
453 2840 509 2901 nisi
529 2840 607 2921 quod
620 2842 755 2901 omnibus
769 2839 951 2913 denuntiant,
964 2860 1003 2902 ne
1016 2841 1087 2922 quid
1099 2843 1127 2902 ei
1140 2843 1221 2917 dent,
1239 2854 1275 2905 ιιι
1286 2849 1339 2925 qui
1413 2837 1418 2860 ⁸

243 2932 478 3013 ponasdaturus
491 2932 539 3007 sit,
549 2952 607 2993 non
620 2950 719 2993 eorum
728 2933 818 2994 modo
829 2933 1000 3006 facinorum,
1010 2953 1133 3014 quorum
1152 2936 1215 3015 ipse
1227 2939 1275 2998 vel
1285 2960 1341 2999 au„

243 3030 306 3084 ctos
316 3022 363 3083 vel
372 3023 487 3103 adjutor
495 3024 646 3097 exstiterit,
655 3024 817 3085 sedhomm
829 3024 915 3085 etiam
926 3044 992 3104 quae
1005 3027 1135 3087 iactuma
1149 3028 1245 3088 inerit.
1266 3030 1339 3093 Huc
1398 3082 1400 3086 ,

222 3120 226 3127 ’
243 3115 393 3197 pertnent
404 3116 451 3177 isti
465 3136 620 3188 sermones,
634 3122 654 3153 ‘⁸
665 3116 848 3178 obsidionem
860 3118 973 3197 pamt,”
982 3124 1002 3154 “
1013 3118 1133 3179 Grecos
1141 3119 1274 3182 hostibus
1284 3124 1339 3183 ob:

241 3206 307 3287 jicit
316 3208 345 3268 :’'
365 3210 498 3269 maximae
512 3211 622 3271 scilicet
634 3210 679 3271 his
691 3208 857 3271 bominibus
878 3228 957 3270 curn
972 3220 1043 3270 aunt
1060 3212 1163 3271 Asiam
1176 3212 1340 3277 incolentes

246 3302 356 3376 Greci,
370 3304 477 3382 quodsi
492 3305 535 3365 itu
546 3306 593 3377 sit,
610 3304 702 3385 major
714 3313 793 3365 certa
806 3304 908 3364 virtua'
917 3322 1017 3363 eomm
1035 3314 1117 3365 esset
1129 3304 1168 3365 ad
1180 3308 1338 3368 consulen-

246 3394 396 3457 dumellis
410 3413 499 3477 quam
513 3398 552 3458 ad
564 3397 687 3479 patriam
701 3396 927 3470 defendendam,
942 3406 1032 3475 atque
1044 3395 1103 3457 huc
1115 3398 1197 3455 etium
1214 3400 1340 3477 pertinet

214 3555 218 3563 ¹
244 3486 329 3560 illud,
342 3497 467 3565 oportere
485 3490 573 3549 alium
594 3490 793 3576 imperatorem
807 3489 882 3550 mitti
902 3488 1179 3569 in-llellcapontum.
1220 3490 1299 3551 Natu
1313 3494 1340 3553 si

245 3578 322 3642 male
336 3600 367 3644 se
381 3582 455 3659 gerit
469 3580 624 3661 Diopithes
636 3592 667 3641 et
675 3578 764 3643 naves
777 3578 932 3660 intercipit,
942 3598 1042 3660 parva,
1053 3580 1259 3655 Athenienses,
1271 3602 1340 3662 per-

246 3690 285 3732 va
298 3671 416 3743 tabella,
424 3672 490 3731 haec
503 3674 760 3752 omniapsoltibere
769 3674 876 3744 ualeat,
886 3669 1217 3785 legesquejubenthae,
1224 3692 1341 3755 nempe·

246 3784 297 3827 cot
315 3765 366 3847 qui
383 3759 558 3857 delinquunt
574 3762 689 3845 publice
713 3766 854 3837 accusari,
868 3758 956 3825 tantis
973 3761 1042 3825 uero
1063 3758 1225 3861 sumptibus
1238 3777 1343 3847 totque

246 3859 410 3949 nnemibua
423 3850 595 3918 custoditio
616 3858 700 3919 nobis
720 3874 913 3937 nequaquam,
931 3876 1000 3917 nam
1012 3856 1177 3963 ecquidem
1198 3868 1342 3919 essetex-

246 3960 340 4013 trema
352 3942 482 4021 insania:
504 3959 606 4009 conta
616 3950 716 4010 hostes
724 3950 851 4028 quidem
860 3968 910 4027 qut
901 3946 1034 4028 tegnas
1044 3968 1172 4017 wrcen
1180 3960 1342 4031 nequeunt,

247 4045 353 4105 milites
366 4044 453 4115 aleta,
467 4043 598 4104 triremes
610 4042 722 4111 mittete
724 4042 900 4122 ,pecuniam
911 4042 1043 4102 conterre
1055 4052 1172 4122 oportet
1180 4053 1213 4104 et
1219 4062 1342 4111 neooess

246 4149 303 4208 est,
321 4144 353 4197 at
374 4130 477 4213 contra
497 4135 575 4195 cives
597 4144 710 4194 ιιοιιιοι
724 4134 872 4194 decretum
876 4134 1016 4215 ,publica
1031 4136 1195 4205 accusatio,
1209 4125 1344 4209 Paratus,

246 4228 313 4290 hac
335 4230 487 4291 sufficiunt
529 4229 605 4288 Haec
626 4223 813 4308 prudentium
831 4228 957 4288 virorum
981 4236 1169 4307 essentque
1183 4238 1281 4319 autem
1295 4228 1346 4288 isui

246 4331 349 4402 agunt,
363 4322 513 4389 hominum
525 4310 686 4389 molestiam
700 4320 786 4381 rebus
795 4332 827 4381 et
837 4320 993 4401 perniciem
1006 4316 1220 4382 afferentium.¹

285 4418 315 4477 ιι
336 4408 513 4481 tenatorum
524 4415 641 4495 quidem
655 4413 809 4495 nonnullos
821 4432 887 4478 esse
900 4414 987 4500 ntes,
998 4426 1167 4493 quanquam
1179 4410 1342 4481 &madunt
