2934 5000
204 307 210 322 '
310 413 320 425 ,
348 335 518 396 conans
539 331 891 396 rnrsrocrronnn
914 335 936 394 r.
1126 339 1186 432 ror

96 501 153 564 uus
165 501 284 564 evmtat,
297 495 324 552 si
333 506 532 576 comeduntur
545 497 747 557 auctoritatem
758 494 986 574 et-putenti'amt-
1023 495 1130 560 Nonne
1144 494 1186 558 ri·

96 583 172 644 dctis
184 586 246 664 ejus
258 584 407 664 ingenium
419 599 452 646 et
468 588 609 659 actiones,
632 607 694 652 non
706 587 829 657 ratione,
850 605 910 646 non
929 587 988 656 ulla
1000 589 1185 667 verecundie,

96 677 147 750 sed
161 697 218 737 una
227 678 429 757 desperatione
442 679 617 757 gubernarit
638 679 701 763 luto
714 699 818 740 omnes
829 679 892 759 ejus
906 679 1034 740 actiones
1047 701 1106 744 non
1120 701 1186 750 esse

97 768 188 841 alind,
202 790 291 849 qnam
305 760 559 852 desperationem?
579 774 655 838 Quae
668 790 735 840 cum
753 774 780 832 ei
799 771 925 832 maximo
941 770 996 849 ipsi
1014 773 1092 856 malo
1106 776 1144 835 sit
1155 776 1187 836 in

96 882 155 939 quo
167 873 223 933 est,
244 873 307 922 turn
321 865 428 924 acerba
441 875 473 922 et
484 864 581 942 gravis
599 873 645 922 cst
655 864 810 934 omnibns,
830 875 861 924 et
873 862 1038 940 reipublice
1050 865 1189 926 intolera-

77 1013 81 1018 ,
96 953 174 1014 bilis.
215 955 319 1014 Omnis
333 956 507 1016 enimhomo
519 955 690 1034 profligatus
702 955 929 1034 etsemetipsum
944 955 1064 1034 projicit,
1077 967 1108 1016 et
1121 977 1190 1036 quae
1237 1017 1242 1026 ,

97 1045 220 1105 coasilio
233 1046 349 1107 retineri
362 1057 472 1128 potest,
491 1046 737 1112 incolumitatem:
758 1045 810 1104 sed
825 1046 1028 1108 admirabiliter
1040 1059 1071 1106 et
1083 1061 1188 1128 preater

98 1136 253 1208 rationem,
264 1137 289 1196 si
305 1137 378 1198 forte
391 1137 526 1212 eraserit,
539 1147 735 1204 consertamr.
757 1135 828 1206 Quis
847 1137 933 1216 igitur
952 1137 1040 1198 bomo
1052 1141 1189 1202 cordatus

98 1229 286 1307 semedpsum
306 1239 359 1288 aut
381 1229 536 1290 commoda
559 1223 725 1308 reipublicae
745 1228 793 1287 isti
816 1225 1011 1288 commiserit?
1035 1230 1108 1297 Quis
1129 1251 1189 1294 non

100 1329 242 1396 quantum
256 1321 358 1398 possit,
371 1340 407 1381 ea
419 1321 574 1400 preditum
596 1320 700 1399 fugiat,
716 1329 750 1378 et
762 1317 846 1379 tollat
858 1337 874 1378 e
896 1318 1002 1388 medio,
1022 1323 1190 1400 nte-quando
1240 1361 1244 1370 ι

100 1411 205 1482 invitus
218 1413 248 1470 in
263 1431 330 1472 eum
343 1412 471 1474 incidat?
500 1413 549 1472 De
561 1413 656 1494 salute
669 1411 834 1490 reipublicae
847 1405 1084 1484 deliberantibus,
1097 1415 1192 1476 Athe·

101 1501 227 1574 aienses,
249 1523 309 1563 non
321 1505 497 1582 quaerendus
509 1505 535 1564 is
555 1516 611 1576 est,
632 1505 718 1581 cuius
740 1503 949 1580 desperationis
967 1503 1039 1563 socii
1055 1505 1114 1566 sint
1125 1507 1191 1585 ipsi,

102 1593 153 1653 sed
169 1595 194 1653 ia
208 1596 313 1673 potius,
334 1597 418 1676 cujus
432 1606 560 1658 meatem
572 1608 602 1657 et
613 1595 723 1674 ingenii
742 1596 912 1667 bonitatem,
928 1606 959 1656 et
975 1615 1112 1674 magnam
1126 1617 1194 1677 pro-

101 1683 259 1748 videntiam
275 1688 432 1759 imitentur.
454 1689 532 1760 Nam
548 1687 613 1748 brec
625 1687 664 1746 nd
682 1686 851 1766 felicitatem
871 1686 1035 1764 perducunt
1054 1689 1193 1750 mortales

102 1797 222 1840 omnes:
243 1780 294 1838 illa
306 1800 353 1850 eo,
365 1800 425 1859 quo
438 1782 527 1840 istum
541 1780 621 1840 abire
634 1779 731 1840 decet.
753 1779 846 1858 quue
857 1777 999 1838 aestimate
1017 1797 1076 1838 non
1089 1799 1107 1840 e
1121 1781 1194 1842 meis

104 1871 211 1944 rerbis,
232 1873 328 1934 sedin
344 1893 444 1934 omnes
462 1873 725 1949 hominummorea
743 1873 899 1930 intuentes.
920 1872 1064 1932 Omnibus
1078 1873 1197 1934 urbibus

103 1983 163 2024 arae
175 1976 244 2026 sunt
256 1975 287 2025 et
303 1966 372 2032 iana
390 1966 513 2026 deorum
530 1964 670 2036 omniurn,
687 1974 775 2042 atque
797 1964 872 2022 inter
891 1981 942 2024 eos
965 1965 1053 2032 etiam
1066 1966 1196 2045 provide

104 2055 309 2127 minerviam
326 2076 441 2134 magam
459 2067 489 2116 et
510 2059 677 2133 pressantis
696 2056 776 2126 dere,
795 2067 827 2129 et
844 2055 929 2132 juxta
943 2054 1108 2134 Apollinem
1121 2057 1196 2118 Del·

103 2147 222 2226 phieum
236 2147 432 2227 pulcherrima
443 2158 474 2207 et
485 2147 612 2206 maxima
624 2147 704 2217 aedes
717 2147 815 2206 statim
835 2147 884 2204 ubi
899 2146 1037 2224 templum
1052 2147 1198 2226 ingressus

103 2239 204 2310 inens,
226 2239 362 2316 quicum
384 2248 416 2298 et
435 2238 510 2298 deus
530 2248 562 2304 et
578 2247 661 2297 vates
682 2238 731 2307 sit,
754 2247 880 2313 utreque,
899 2236 1008 2296 ratione
1030 2239 1109 2298 novit
1126 2243 1198 2318 quid

105 2330 230 2391 maxime
247 2331 401 2412 expedint:
437 2349 498 2392 non
521 2328 752 2407 Desperationia.
781 2337 812 2388 ot
836 2325 1037 2404 impudentia.
1070 2329 1153 2398 Quin
1167 2341 1199 2392 et

105 2422 244 2494 iustitie,
257 2433 288 2482 et
299 2421 465 2501 AEquitatis,
479 2419 711 2503 etVerecondite
722 2416 893 2482 mortalibus
907 2419 1040 2478 omnibus
1049 2438 1107 2492 arte
1120 2433 1200 2495 sunt,

106 2514 431 2595 aliaepulcherrimoe,et
443 2512 678 2576 sanctissimam
688 2511 785 2575 animo
795 2509 937 2591 cujusque
952 2521 984 2571 et
995 2512 1120 2590 ingenio,
1135 2515 1200 2597 aliea

105 2625 208 2684 eoeque
221 2623 391 2667 communes
410 2604 546 2667 omnibus
568 2603 606 2663 ad
622 2603 740 2663 cultum
754 2602 926 2680 proponite:
948 2603 1002 2663 sed
1020 2623 1083 2675 non¹
1100 2604 1200 2685 impu·
1227 2660 1232 2671 ,

105 2698 225 2775 dende,
238 2695 476 2769 interluente,
490 2714 549 2772 noo
562 2694 694 2774 Parium,
708 2713 769 2753 noo
784 2692 882 2753 Animi
895 2692 1011 2773 ingrati,
1027 2714 1093 2774 que
1103 2698 1201 2759 omnia

108 2789 159 2848 isti
173 2790 283 2847 insunt.
713 2839 716 2843 .
830 2856 837 2867 Ι

149 2883 179 2940 9.
200 2878 264 2941 Eui
277 2890 373 2941 autem
387 2881 449 2941 scio
469 2882 559 2941 istum
580 2889 689 2941 rectam
701 2886 732 2939 et
745 2897 840 2939 veram
863 2876 1041 2941 defensionis
1055 2882 1132 2943 riam
1147 2882 1199 2943 de·¹

105 2973 291 3046 elinatururn,
310 2984 341 3031 et
362 2973 543 3035 extrinsecus
567 2973 697 3051 undique
719 2973 910 3033 circuituram
938 2972 1147 3035 conviciantem
1169 2986 1201 3037 et

108 3065 345 3135 calumniantem,
354 3057 602 3143 etpollioitantem
614 3084 647 3124 oe
660 3074 876 3135 accusaturum,
889 3064 918 3123 in
929 3065 981 3143 jus
994 3065 1202 3143 adducturum,

110 3155 283 3220 traditurum
297 3155 490 3232 magistratui,
502 3165 533 3215 et
541 3156 606 3234 ejus
615 3156 730 3233 generis
744 3156 810 3226 alia,
826 3166 932 3224 tamen.
946 3156 971 3215 ai
982 3160 1203 3234 imprudenter

109 3360 191 3419 saepe
217 3340 246 3397 in
271 3339 404 3397 omnibus
425 3338 511 3417 quale
531 3348 619 3407 esset,
647 3338 858 3415 deprehensum
881 3334 948 3398 esti
979 3336 1024 3395 Ac
1050 3340 1205 3414 praeteribo

111 3441 220 3503 cetera,
234 3442 277 3502 tu,
293 3429 466 3507 Aristogito,
489 3448 537 3487 me
556 3428 662 3507 septies
676 3428 836 3506 majestatis
851 3426 937 3503 egisti
950 3444 1041 3499 reum,
1055 3446 1205 3491 mercena-

112 3524 171 3584 rius
185 3540 295 3593 eorum,
316 3521 444 3600 quitum
468 3519 593 3598 Philippi
613 3518 761 3596 negotium
780 3518 915 3597 agebant,
936 3528 1042 3588 orator,
1057 3529 1088 3579 et
1100 3540 1146 3583 me
1159 3544 1205 3585 rn-

111 3616 207 3675 tiones
226 3614 401 3673 referentem
413 3613 461 3672 bis
481 3612 632 3673 accusasti.
664 3612 709 3669 Ao
729 3629 786 3688 ego
810 3611 935 3686 quidem,
957 3613 1007 3690 qui
1030 3612 1206 3690 homonum,

114 3707 290 3767 Adrasteam
312 3705 416 3776 adoro,
434 3715 465 3765 et
482 3704 578 3762 habeo
602 3702 658 3762 diis
678 3700 886 3771 immortalibus
912 3710 942 3761 et
962 3702 1102 3763 universio
1122 3708 1207 3767 robis

115 3818 251 3877 maguam
263 3799 396 3876 gratiam,
412 3796 616 3866 Athenienses,
628 3795 678 3871 qui
688 3812 737 3853 rne
747 3794 958 3857 conservastis:
978 3805 1011 3855 tn
1025 3807 1122 3855 antem
1136 3797 1208 3858 nihil

115 3908 245 3968 unquam
259 3888 356 3947 dixisti
369 3888 438 3956 veri,
453 3886 507 3946 sed
518 3886 659 3945 mendacii
673 3904 787 3963 semper
800 3906 831 3945 cs
846 3886 1008 3945 convictus.
1043 3886 1130 3953 Quod
1142 3888 1166 3947 si
1176 3888 1211 3948 hi

116 3985 211 4062 sopita
223 3983 322 4060 legum
337 3980 519 4049 auctoritate,
533 3978 620 4038 bodie
639 3988 668 4037 te
687 3978 873 4046 absolverint,
894 3996 972 4036 nunc
986 3995 1033 4035 me
1044 3995 1131 4041 reum,
1140 3982 1208 4057 pera

117 4074 207 4153 ageri
229 4074 296 4141 Quo
315 4072 458 4138 crimine?
482 4071 531 4131 Sic
543 4071 620 4130 enim
632 4071 834 4131 considerate.v
859 4068 1011 4129 Biennium
1024 4068 1086 4147 jam
1105 4070 1160 4133 iate
1180 4074 1209 4132 vi
1232 4118 1238 4123 .

117 4166 406 4243 concionatur,quod
416 4166 443 4225 ei
454 4166 551 4225 facere
561 4184 619 4224 non
628 4164 707 4233 lieet,
717 4164 771 4227 sed
780 4160 968 4221 concionatur
976 4161 1212 4227 amenitatem

76 4247 79 4251 ’
117 4259 230 4319 interea
243 4258 379 4317 miserum
391 4256 561 4322 Phocidem,
586 4267 617 4316 et
633 4256 746 4319 labrum
766 4254 849 4312 illurn
862 4251 995 4309 aerarium
1023 4252 1210 4329 Piraeeneem,

118 4338 326 4419 attenedum,
340 4359 371 4408 et
383 4348 408 4407 si
422 4368 497 4425 quoa
510 4349 583 4407 ulios
596 4347 676 4426 apud
689 4366 742 4410 ros
760 4344 917 4412 accusavit,
941 4360 1064 4421 peccare
1086 4345 1116 4411 in
1135 4366 1210 4407 rern-

119 4440 267 4523 publicam
280 4439 372 4521 cidit:
393 4459 440 4499 me
452 4450 550 4499 nutem
564 4458 623 4499 non
637 4438 718 4508 vidit,
739 4444 892 4505 oratorem,
907 4434 936 4493 in
947 4452 1033 4514 quem
1047 4436 1143 4501 hostili
1156 4439 1213 4505 fnit
