2934 5000
457 319 629 383 CONTRA
652 319 827 383 M1D1AM.
1134 321 1192 380 ³1⁷

100 469 159 530 uon
172 468 288 550 perinde
297 473 421 535 lunam
435 495 489 555 par
502 495 564 537 sese
578 477 670 556 digus
682 475 784 547 videri,
798 484 832 534 nt
844 483 999 554 propterea
1007 473 1038 534 in
1047 473 1193 555 judicium

100 566 247 633 sublaturi
268 567 624 648 essetquamquam
638 569 844 646 auditisrequa
858 584 960 627 omnes
973 567 1041 645 jura
1059 567 1194 651 indigne·

101 654 179 726 mini.
222 657 348 717 Omnem
366 661 444 719 enim
468 660 588 722 modum
612 658 761 719 excedunt
782 677 819 717 aa
839 677 906 737 quas
929 647 1068 736 deinceps
1087 658 1194 719 dicam.

102 746 150 805 Ac
162 765 199 805 ne
213 767 352 810 accusare
366 749 483 827 quidem
498 769 565 810 eum
578 769 635 829 ego
653 768 731 810 nunc
753 750 950 820 instituissem,
963 747 1018 808 nisi
1032 758 1093 807 tum
1108 752 1195 810 etiam

101 838 199 896 statim
221 840 250 897 in
273 840 373 919 populi
396 851 544 902 conventu
568 843 777 921 coarguissem.
821 831 940 902 sacram
954 842 1032 900 enim
1045 851 1198 902 restem-

102 947 170 992 πω
189 949 301 992 sacram
320 951 377 1010 ego
399 951 465 994 essa
486 941 568 1012 puto,
583 945 670 1012 quam
683 927 754 994 fasti
766 934 862 1012 gratia
874 934 1147 1013 pararis,'quamdiu
1161 938 1199 995 ea'

102 1033 388 1106 utare—aureasque
401 1045 536 1097 coronas,
556 1047 630 1108 quas
652 1047 822 1090 curaveram
844 1015 1004 1101 laciendab,
1027 1031 1199 1092 ornamenta
1278 1105 1282 1112 ¹

102 1113 193 1186 chori,
216 1137 270 1196 per
287 1119 417 1190 insidias,
440 1120 648 1194 Athenienses,
667 1120 740 1179 mihi
761 1120 882 1199 perdere
899 1129 1024 1180 conatus
1038 1133 1093 1194 est,
1106 1132 1199 1183 noctu

102 1209 229 1271 aurificis
257 1213 336 1274 sedes
364 1233 531 1293 aggressus.
586 1215 632 1274 Ac
655 1213 785 1294 perdidit
799 1213 850 1272 ille
870 1213 999 1291 quidem,
1020 1235 1079 1274 non
1099 1227 1199 1277 umen

104 1317 226 1362 omues:
248 1323 304 1362 nec
328 1303 405 1362 enim
427 1305 530 1384 potuit.
572 1304 748 1383 Quanquam
761 1312 861 1364 autem
874 1323 961 1363 nemo
973 1316 1029 1378 est,
1043 1306 1094 1383 qui
1108 1327 1140 1366 se
1155 1307 1200 1367 di·

103 1401 154 1450 cat
175 1393 207 1452 in
228 1393 285 1453 hac
298 1395 414 1454 civitate
426 1415 557 1475 unquam
572 1396 609 1456 de
622 1411 768 1476 quoquam
783 1394 941 1474 audivisse,
955 1395 1005 1472 qui
1017 1395 1074 1456 hoc
1085 1397 1201 1461 facinus

106 1497 195 1542 ausus
209 1483 344 1545 lueritac
358 1489 540 1566 perpetrarit.
583 1489 643 1548 Iste
667 1498 766 1548 minan
785 1487 843 1546 hoc
857 1507 917 1546 non
933 1497 1100 1559 contentus,
1113 1489 1203 1550 etiam

106 1573 188 1656 chori
198 1577 254 1636 mei
266 1579 446 1656 magistrum,
462 1579 668 1652 Athenienses,
682 1579 821 1658 corrupit.
843 1578 932 1646 Quod
942 1577 998 1638 nisi
1007 1578 1206 1658 Telephanes,

106 1664 225 1735 tibicen,
246 1668 387 1747 singulari
403 1672 558 1750 probitate,
572 1672 641 1734 mihi
666 1685 728 1731 tum
749 1669 859 1749 optime
871 1669 1038 1729 consultum
1052 1671 1203 1746 voluisset,

105 1753 489 1837 fraudequaanimadversa,
505 1763 622 1822 homine
636 1762 687 1821 illu
700 1761 829 1840 repulso,
852 1761 1054 1820 instruendum
1076 1761 1130 1820 sibi
1150 1763 1207 1823 do·’
1289 1795 1294 1812 ·

107 1847 291 1928 conduntque
312 1851 434 1912 chorum
447 1855 629 1922 censuisset;
651 1873 689 1914 ne
703 1861 814 1914 certare
828 1851 946 1930 quidem
958 1850 1097 1924 licuisset,
1112 1855 1205 1916 Athe-

14 2010 20 2018 ·
107 1937 241 2002 tilenses:
261 1944 314 2003 sed
327 1943 434 2004 chorus
453 1945 535 2005 rudis
558 1955 589 2006 et
608 1946 766 2024 imparatus
788 1945 1033 2010 introiissetcum
1045 1945 1205 2023 ignominia

108 2039 211 2090 nostra
224 2034 359 2092 maxima.
401 2035 506 2113 Neque
519 2055 588 2095 vero
598 2035 645 2094 bic
657 2055 718 2094 sure
731 2035 909 2113 improbitati
920 2036 1042 2094 modum
1055 2035 1135 2108 lecit,
1151 2041 1205 2099 led

109 2130 170 2180 tam
182 2121 295 2184 infinita
307 2125 364 2183 snit
376 2126 440 2205 ejus
457 2125 642 2205 protervitas,
653 2133 687 2184 ut
708 2135 880 2184 coronatum
898 2132 1054 2203 praeto'ram
1067 2133 1206 2209 corrupe-

109 2215 163 2282 rin
184 2214 286 2275 adilae
300 2228 403 2276 contra
414 2235 461 2277 ure
473 2217 642 2284 concitaritt
657 2214 847 2286 clamitando,
856 2215 1029 2285 minitando,
1039 2217 1206 2293 jurantibus
1244 2257 1250 2265 ·

104 2305 255 2385 judicibus
270 2308 424 2381 adstsndo,
438 2327 532 2368 menae
547 2308 644 2368 aditus
658 2305 840 2371 obstruendo
853 2305 946 2368 clasis
958 2305 1125 2383 defigendo,
1143 2311 1207 2386 ipae

110 2396 199 2470 homo
212 2399 351 2478 privatus,
365 2400 588 2480 vim-publicam
610 2399 716 2471 lacere,
732 2407 764 2458 et
784 2395 914 2458 infandis
930 2396 1072 2458 molestiis
1092 2401 1208 2463 afficere

110 2510 158 2551 ma
171 2506 231 2551 nun
244 2489 399 2555 destiterit.

123 2584 181 2641 ·-8.
203 2582 315 2643 Harum
344 2604 449 2655 rerum,
471 2604 538 2664 qum
561 2585 678 2665 qnidam
699 2586 730 2645 in
751 2585 908 2664 presentia
925 2582 1036 2663 populi,
1057 2594 1110 2644 aut
1128 2588 1209 2666 apud
1305 2569 1311 2587 ⁸

106 2673 223 2752 judices
233 2675 263 2735 in
277 2675 390 2753 manno
404 2686 479 2737 actas
502 2686 580 2748 sunt,
594 2688 648 2737 vot
668 2676 749 2749 rnrlri,
761 2674 895 2746 ludices,
907 2694 1010 2735 ornnes
1023 2686 1113 2737 testes
1123 2680 1210 2747 eada.
1299 2714 1304 2723 ·

113 2766 266 2829 Enimvero
285 2770 453 2849 nequissima
463 2770 670 2847 verissimaque
687 2765 838 2829 censenda
848 2776 895 2827 est
913 2775 949 2827 ea
967 2768 1092 2828 (luentia
1104 2770 1208 2841 oratio,

114 2860 199 2939 cujus
211 2860 316 2921 veritas
327 2872 427 2921 eorum
441 2862 492 2941 qui
514 2878 567 2939 pro
583 2859 719 2921 bibendi
739 2859 846 2922 sedam
857 2859 1023 2922 testimonio
1038 2862 1210 2938 comproba·

114 2960 170 3011 tur.
209 2950 354 3014 Prastersa
365 2953 508 3031 corruptis
516 2952 561 3023 iis,
575 2952 625 3029 qui
639 2950 678 3011 de
695 2951 851 3015 certamine
864 2950 1000 3011 ladonam
1011 2950 1088 3010 inter
1096 2962 1212 3013 actores

109 3042 269 3121 judicaturi
282 3052 376 3111 erant,
391 3042 450 3101 duo
467 3043 534 3103 haec
553 3053 695 3120 tanquam
708 3041 827 3121 lastigie
839 3041 975 3121 quaedam
993 3041 1127 3101 omnibus
1150 3043 1211 3103 suis

94 3164 96 3167 ·
113 3133 263 3212 pressuris
276 3132 361 3191 iactis
374 3134 521 3210 imposuit.
563 3133 652 3197 Quod
665 3143 696 3191 et
708 3150 807 3199 meum
819 3152 926 3211 corpus
936 3133 1146 3199 contumeliose
1159 3139 1222 3194 ved
1293 3126 1304 3153 ³

115 3222 206 3295 savit,
219 3232 251 3283 et
264 3222 350 3282 tribui
358 3242 443 3295 meas,
456 3243 524 3302 qum
537 3223 568 3282 in
577 3222 733 3283 cartamine
742 3224 873 3302 superior
886 3232 958 3293 arat,
970 3222 1000 3279 in
1013 3222 1113 3299 primis
1122 3241 1214 3285 causa

116 3312 219 3373 fuitne
232 3313 351 3374 victoria
363 3315 514 3394 potiretur.
556 3314 593 3375 ln
612 3332 660 3373 me
677 3313 766 3391 igitur
786 3328 818 3373 et
834 3313 957 3373 tribules
967 3331 1051 3373 meos
1067 3323 1214 3391 proterve,

115 3415 206 3485 atqua
219 3404 250 3465 in
263 3406 373 3467 fastum
391 3404 500 3471 nesam
521 3405 678 3465 commissa
699 3422 752 3483 per
775 3404 873 3478 istum,
888 3402 1095 3475 Athenienses,
1106 3404 1214 3483 quibus

117 3512 175 3577 ego
198 3506 363 3557 commotus
386 3516 453 3557 eum
475 3496 555 3575 apud
583 3495 723 3574 populum
747 3494 893 3567 accusari,
917 3494 982 3553 hac
1006 3506 1085 3565 sunt,
1103 3506 1135 3555 et
1155 3497 1215 3559 alia

117 3586 229 3649 multa:
250 3590 386 3667 equibus
404 3606 588 3668 quiscunque
612 3595 724 3666 potero,
749 3584 949 3663 smdmuobia
968 3589 1214 3650 commemorabo
1277 3634 1284 3645 ,

118 3680 244 3741 Possum
258 3692 356 3743 autam
368 3692 400 3741 et
412 3682 484 3742 alias
496 3680 624 3741 infinitas
643 3678 707 3758 ejus
720 3678 851 3757 injurias,
867 3690 899 3739 et
910 3679 1102 3740 contumelias
1113 3682 1215 3741 multis

117 3783 246 3847 reanum
259 3773 365 3845 factas,
378 3784 410 3833 at
424 3772 555 3833 facinora
574 3770 681 3850 impuri
702 3770 785 3831 istius
809 3770 901 3831 multa
912 3780 943 3831 at
955 3770 1067 3832 aucuia
1078 3788 1213 3831 narraret

117 3886 184 3945 qum
197 3864 257 3941 alii,
266 3866 394 3946 judices,
414 3873 495 3925 metu
518 3862 616 3935 istius,
629 3873 659 3925 ct
679 3862 742 3942 ejus
762 3862 957 3934 confidentiae,
971 3873 1003 3922 et
1014 3862 1171 3933 sodalium,
1183 3870 1216 3924 et

119 3975 218 4037 opum,
230 3968 262 4019 st
274 3957 448 4035 insolentie,
459 3976 495 4017 ac
508 3956 684 4037 reliquarum
698 3974 794 4015 rerum
814 3956 921 4035 quibus
946 3956 1002 4015 iste
1020 3951 1122 4032 pollet,
1137 3960 1214 4012 atto·
1282 3970 1287 3977 ·

119 4050 183 4123 uiti,
197 4069 251 4109 suo
266 4044 368 4113 dolore
386 4048 579 4123 dissimulato,
592 4050 783 4128 quieverunt3
805 4047 854 4107 alii
866 4045 970 4105 ulcisci
978 4042 1094 4122 judicio
1106 4044 1215 4117 conati,

121 4142 193 4201 nihil
215 4142 391 4213 affecerunt3
413 4152 483 4203 suut
503 4144 601 4214 edam,
615 4142 667 4221 qui
684 4150 826 4221 prestare
843 4139 875 4197 id
892 4146 981 4214 atque
1000 4136 1136 4216 expedire
1159 4138 1217 4200 sibi

121 4233 246 4309 fortasse
258 4236 322 4307 rati,
335 4254 403 4296 cum
417 4255 454 4296 eo
473 4235 680 4313 transegerint.
723 4231 812 4297 Quod
833 4229 884 4306 qui
904 4228 1000 4287 lacera
1024 4245 1084 4287 non
1098 4246 1215 4290 recusa·

121 4334 200 4396 runt,
221 4327 256 4387 iis
274 4328 395 4407 quidem
412 4329 483 4409 ipsis
507 4337 554 4389 cst
576 4326 770 4395 satisfactum,
778 4322 848 4401 ejus
869 4329 967 4379 autem
989 4320 1216 4401 vindictse,qum

39 4470 44 4479 .
122 4418 238 4497 legibus
248 4419 381 4493 debetur,
396 4430 514 4501 propter
525 4418 645 4499 injurias
659 4426 689 4477 et
705 4416 761 4476 illis
773 4423 853 4487 tunc,
868 4422 899 4473 et
911 4432 991 4475 nunc
1004 4413 1083 4489 mihi,
1097 4415 1218 4476 ceteris·
