2934 5000
501 332 739 398 nummos
758 335 814 396 111.
1168 337 1214 396 iii

105 484 194 548 ses:
216 485 422 560 sindiihtstis,
441 488 475 550 id
495 487 1058 576 noqoeoomrolsfflsosrepotesitis.
1100 489 1140 549 nr
1156 507 1208 550 os-

107 596 164 656 qrte
178 577 253 640 odeo
266 581 302 640 eh
316 579 435 642 ιιΙὴιιιιιι
449 581 577 643 consiliis
590 599 657 644 nes
670 580 849 662 discrepem,
862 591 896 641 ot
908 581 978 642 mihi
992 581 1135 651 videntur,
1148 599 1216 662 nec·

108 669 148 731 de
161 670 347 734 Chersoneso
358 693 413 736 nec
427 674 464 735 de
482 674 625 755 Bynontio
644 691 711 734 esse
724 692 802 736 nnnc
823 673 1061 746 consultandum,
1074 661 1206 733 sedtum

107 761 152 824 his
167 765 408 844 succurrendum,
426 776 458 826 et
468 765 692 846 pnecersndnm
706 785 744 826 ne
755 767 828 844 qnid
835 765 878 826 eie
886 764 1014 848 condet,
1026 777 1059 824 ct
1069 763 1209 826 militibus

107 855 157 933 qni
170 875 250 916 nunc
260 867 330 918 sont
342 857 404 918 illic
415 859 513 920 omnio
522 859 629 936 quihus
643 856 777 936 hsdigent
787 858 942 927 mittendo,
953 867 1016 918 tom
1025 858 1212 918 deomnibos

105 945 223 1008 Graecis
236 947 467 1024 deliberandum,
480 951 552 1010 utin
564 951 692 1012 monimo
701 949 833 1028 perlem
843 949 1018 1010 constitutis.
1044 948 1210 1029 'Expom

106 1049 206 1100 annm
218 1041 313 1116 vobis,
332 1061 393 1122 qus
405 1043 444 1104 de
465 1061 555 1102 censs
576 1045 663 1102 rebus
676 1045 718 1104 itn
730 1052 870 1114 moment,
888 1052 934 1120 ot,
949 1043 975 1128 si
1000 1051 1081 1102 recte
1103 1041 1211 1114 sentio,

105 1134 263 1194 wotentiee
284 1153 359 1196 mem
383 1135 543 1210 accedatis,
562 1144 592 1196 et
614 1136 756 1196 ratione-
778 1134 905 1213 eliqnsm
925 1145 1055 1194 vesum
1078 1133 1207 1212 ipsorum

105 1224 224 1297 saltem,
248 1225 274 1286 si
291 1227 411 1288 omnino
432 1227 505 1288 elios
529 1226 690 1307 negligitis,
709 1226 864 1287 hohestis:
885 1225 932 1285 sin
950 1225 1057 1304 nugari
1068 1235 1100 1286 et
1110 1234 1210 1286 mente

104 1327 214 1397 ceptus
226 1337 294 1380 esse
304 1317 437 1394 videbor,
455 1337 551 1400 neqse
574 1339 655 1380 none
673 1337 770 1398 neque
786 1317 817 1378 in
832 1326 985 1398 posterum
1007 1315 1077 1376 mihi
1089 1326 1124 1377 ot
1134 1332 1211 1378 sono

106 1409 295 1482 auscultetis.

150 1510 182 1566 6.
202 1504 372 1586 Philippum
382 1505 470 1586 igitur
480 1523 619 1585 magnum
632 1524 651 1565 e
663 1514 797 1584 porroet
808 1503 912 1564 humili
924 1504 961 1564 nb
975 1501 1057 1562 initio
1069 1501 1213 1582 psolhtim

103 1615 177 1658 esse
197 1596 319 1670 lectum,
336 1607 369 1658 st
382 1597 507 1658 Grecos
519 1595 649 1658 diffidere
669 1607 775 1656 mstoo
792 1605 825 1656 et
845 1595 950 1676 agitari
962 1593 1167 1664 nmionnu,
1179 1602 1214 1652 et

103 1689 204 1750 molto
216 1687 766 1750 minuscrsdihileinissetentnmenm
779 1707 799 1749 e
810 1685 1012 1758 tentilioiors,
1023 1703 1112 1766 qoem
1121 1704 1215 1758 nnnc,

102 1782 270 1844 candeo
291 1777 1215 1862 multniotercspimtismcaeterosshsctormetreliqoe
1293 1844 1295 1847 ,

103 1874 171 1954 eius
179 1875 292 1954 geneis
305 1875 413 1950 omnis,
428 1889 497 1955 qne
503 1891 733 1935 commemorare
743 1892 871 1954 possem,
883 1872 1116 1952 pretermittam.
1146 1869 1213 1930 sot

105 1967 223 2028 illudet
236 1967 322 2028 rideo
345 1968 530 2028 concessisse
550 1965 688 2038 mot-teies
710 1985 824 2040 omnes,
837 1966 952 2026 erohis
965 1963 1047 2025 initio
1066 1963 1157 2036 lecto,
1172 1962 1213 2022 de
1341 2041 1349 2052 .

104 2079 168 2138 qno
189 2069 277 2119 sntee
299 2079 415 2139 semper
435 2059 574 2120 universe
593 2059 792 2120 timosbclls
803 2060 987 2119 exstiterunt.
1027 2056 1108 2125 Quid
1122 2056 1214 2134 igitur

103 2151 184 2210 illud
197 2149 263 2210 esti
284 2167 372 2228 egeto
385 2149 526 2228 quicquid
538 2149 661 2219 silibet,
681 2159 714 2210 et
733 2150 904 2229 singulatim
925 2150 1044 2229 qoosris
1056 2150 1098 2209 its
1109 2148 1211 2209 conci·

104 2242 182 2304 dere
194 2233 226 2300 et
238 2241 365 2321 spoliare
379 2239 512 2313 Grecos,
525 2249 557 2300 et
574 2239 711 2300 insedere
729 2251 825 2320 etque
841 2241 1008 2320 opprimere
1020 2243 1108 2300 urbes
1121 2241 1211 2300 serri-

104 2341 183 2396 orte.
225 2332 319 2411 Atqui
332 2332 444 2392 Gensis
463 2350 516 2395 ros
533 2331 666 2410 proiecti
679 2331 775 2392 inistis
787 2341 848 2392 tres
861 2341 894 2392 et
906 2331 1094 2410 septinginta
1106 2350 1212 2404 ennon,

106 2423 242 2507 preelecti
255 2423 325 2483 item
338 2423 538 2503 undetriginta
552 2423 779 2484 Lacedaemoni.
819 2423 952 2484 Thebani
965 2441 1084 2503 qnoque
1098 2423 1214 2503 eliqoiti

106 2528 232 2599 polirem
245 2517 385 2577 extremis
398 2516 478 2577 hisce
486 2515 679 2595 temporihes,
693 2522 763 2595 post
773 2536 906 2597 pugnem
915 2516 1109 2577 leochicsm.
1149 2516 1210 2576 Sed

108 2621 314 2689 cementisque
326 2609 410 2671 vohis
424 2626 519 2687 neque
539 2606 689 2669 Thehsnis
708 2628 806 2689 neqoe
826 2608 1055 2669 lacedemoniis
1074 2608 1138 2669 nllo
1155 2627 1213 2668 on·

108 2724 200 2784 quem
210 2714 349 2783 tempore,
361 2701 569 2774 Athenienses,
583 2718 761 2761 concessum
773 2700 832 2762 tirit
843 2702 901 2763 hoc
914 2720 934 2761 n
944 2700 1070 2775 Grecis,
1083 2711 1119 2762 ot
1130 2701 1220 2780 quos

108 2791 316 2859 hhitom‘esset
328 2794 455 2875 egerem
466 2814 476 2854 ι
496 2794 566 2873 qoin
580 2792 706 2853 moltnm
718 2793 826 2867 chlois,
838 2793 893 2854 sed
912 2803 944 2853 et
955 2792 1051 2867 robis,
1064 2813 1100 2853 sc
1111 2793 1214 2872 potios

108 2888 189 2949 illins
202 2888 342 2969 temporis
356 2884 596 2960 Atheniensibus,
609 2903 679 2947 cnro
690 2886 835 2965 qoosdsm
848 2904 909 2954 non
918 2894 1045 2946 trectere
1058 2885 1214 2947 moderate
1329 2894 1335 2901 '

109 2980 288 3055 riderentur,
301 2998 406 3041 omnes
425 2978 580 3058 potebant,
593 2978 640 3039 rel
653 2978 705 3057 qni
722 2978 795 3038 nihil
808 2978 890 3056 queri
903 2976 987 3038 deiis
1000 2987 1146 3057 peterem,
1158 2997 1214 3056 pen

109 3092 236 3135 esusem
250 3088 354 3133 soron
374 3071 424 3148 qni
440 3069 538 3131 effecti
558 3079 643 3130 erent
655 3068 762 3149 injuris
772 3069 883 3130 ussuto
895 3088 961 3131 esee
972 3070 1167 3139 inferendum,
1180 3078 1214 3131 et

112 3183 217 3227 nosos
242 3160 478 3223 Lecedoemoniis
497 3154 709 3241 imperemihos
729 3171 762 3222 et
779 3160 908 3223 condem
923 3179 1013 3240 quem
1035 3178 1087 3221 ros
1110 3171 1213 3223 tenne·

111 3256 186 3319 retis
198 3252 394 3334 principium
414 3250 540 3331 adeptis,
554 3272 623 3313 cnm
635 3252 814 3313 insolescere
825 3253 987 3332 cepissent
995 3264 1027 3313 et
1037 3242 1212 3313 immoriere-

111 3350 171 3411 tios
185 3346 320 3429 instituto
330 3352 432 3404 vetere
437 3342 645 3417 convellerent,
658 3362 762 3405 omnes
773 3342 885 3404 bellom
898 3343 1070 3414 intulerunt,
1083 3344 1215 3418 iietiem,

111 3442 162 3523 qui
174 3437 247 3501 nihil
259 3436 351 3499 decis
364 3435 571 3515 querebantur.
612 3436 651 3497 Et
664 3456 805 3515 quorsom
822 3435 928 3499 sttinet
948 3437 1210 3499 relenecmterosl

112 3533 184 3614 quin
197 3548 251 3591 nos
263 3528 321 3609 ipsi
333 3536 366 3589 et
383 3526 615 3601 Lscedeemonii,
631 3546 698 3588 com
709 3530 748 3589 ob
759 3527 843 3589 initio
853 3528 925 3589 nihil
935 3528 1033 3590 dicere
1046 3549 1214 3611 mnus,

111 3644 173 3704 qno
183 3622 267 3685 elteri
277 3621 315 3681 eh
328 3618 427 3679 elteris
444 3618 544 3679 violsti
564 3637 707 3694 suemus,
717 3630 816 3681 temen
829 3629 947 3701 propter
958 3622 1091 3702 injurias,
1106 3626 1213 3703 quibos

112 3716 186 3777 elios
209 3712 288 3774 effici
301 3710 485 3785 ridebemos,
499 3710 610 3771 bellom
633 3731 698 3773 esse
719 3712 881 3793 gerendum
902 3716 1079 3793 poterimus.
1119 3717 1213 3795 Atqoi

113 3808 213 3869 omnis
229 3824 297 3883 quse
315 3822 335 3863 o
358 3802 587 3863 hscodsrmoniis
609 3814 732 3883 peooste
758 3814 829 3866 sunt
848 3825 901 3885 per
926 3806 1047 3887 trigintn
1073 3808 1140 3869 illos
1157 3826 1212 3867 en-

112 3919 168 3961 nos
181 3896 245 3963 ete
256 3895 414 3976 mojorihos
424 3893 598 3974 nostr-isper
612 3898 810 3976 septuaginta,
830 3899 943 3960 minore
953 3911 1033 3974 sont,
1048 3900 1213 3960 Athenien-

114 4014 173 4065 ses,
186 3991 223 4052 iis
233 4008 300 4070 que
314 3986 468 4068 Phiiippus
486 3988 578 4048 tribus
599 3998 630 4049 et
653 3988 757 4050 decem
771 4010 831 4051 non
841 3992 912 4051 totis
925 3995 1011 4053 nonis
1021 3990 1127 4070 quibos
1140 3992 1213 4053 emi·

114 4082 180 4146 nuit
192 4085 224 4143 in
244 4082 369 4143 Grecos
381 4078 543 4141 commisit:
565 4080 623 4141 imo
644 4100 701 4143 nec
722 4083 843 4143 minime
865 4098 933 4162 pers
951 4082 1003 4143 ills
1015 4082 1214 4145 sunthomn.

116 4178 212 4257 idque
223 4175 325 4256 peonis
338 4172 457 4233 ostendi
465 4172 561 4232 serbis
571 4172 656 4241 fecile
669 4183 779 4253 potest.

154 4272 186 4329 6.
208 4266 372 4349 Olynthon
385 4264 503 4344 quidem
524 4276 556 4325 et
574 4264 751 4328 Methonem
774 4275 807 4327 st
824 4264 1011 4345 Apolloniam
1034 4274 1066 4326 et
1085 4265 1161 4329 does
1179 4257 1232 4331 et'

113 4364 235 4444 triginta
247 4364 333 4422 orbes
347 4360 377 4419 in
389 4360 515 4421 Thtscie
528 4358 642 4431 omitto,
656 4379 731 4440 qnos
741 4362 892 4421 universos
903 4359 979 4420 odeo
987 4359 1146 4423 cmdeliter
1159 4384 1215 4425 ex·
1242 4368 1246 4376 '

113 4457 197 4531 cidit,
211 4466 244 4515 ot
256 4452 459 4527 simeonis,
470 4471 525 4528 neo
539 4472 577 4513 en
592 4472 721 4530 untpuem
735 4454 873 4518 habiens
889 4451 1007 4525 luerint,
1017 4453 1102 4517 iscilc
1113 4457 1212 4520 dicssr

661 4564 683 4603 rr
