<?xml version="1.0" encoding="UTF-8"?>
<!DOCTYPE html PUBLIC "-//W3C//DTD XHTML 1.0 Transitional//EN"
    "http://www.w3.org/TR/xhtml1/DTD/xhtml1-transitional.dtd">
<html xmlns="http://www.w3.org/1999/xhtml" xml:lang="en" lang="en">
 <head>
  <title>
</title>
<meta http-equiv="Content-Type" content="text/html;charset=utf-8" />
  <meta name='ocr-system' content='tesseract 3.04.00' />
  <meta name='ocr-capabilities' content='ocr_page ocr_carea ocr_par ocr_line ocrx_word'/>
</head>
<body>
  <div class='ocr_page' id='page_1' title='image "./demosthenisetsc09ulpigoog/demosthenisetsc09ulpigoog_0403.png"; bbox 0 0 2934 5000; ppageno 0'>
   <div class='ocr_carea' id='block_1_1' title="bbox 395 334 1199 397">
    <p class='ocr_par' dir='ltr' id='par_1_1' title="bbox 395 334 1199 397">
     <span class='ocr_line' id='line_1_1' title="bbox 395 334 1199 397; baseline 0 -2"><span class='ocrx_word' id='word_1_1' title='bbox 395 334 906 397; x_wconf 70' lang='lat' dir='ltr'>couuuemrtmtorloumt.</span> <span class='ocrx_word' id='word_1_2' title='bbox 1141 336 1199 395; x_wconf 76' lang='lat'>363</span> 
     </span>
    </p>
   </div>
   <div class='ocr_carea' id='block_1_2' title="bbox 99 488 1200 1936">
    <p class='ocr_par' dir='ltr' id='par_1_2' title="bbox 99 488 1200 1569">
     <span class='ocr_line' id='line_1_2' title="bbox 102 488 1198 573; baseline -0.005 -20"><span class='ocrx_word' id='word_1_3' title='bbox 102 526 107 533; x_wconf 93' lang='lat'><strong>·</strong></span> <span class='ocrx_word' id='word_1_4' title='bbox 138 490 202 553; x_wconf 83' lang='lat' dir='ltr'>&#39;t3.·</span> <span class='ocrx_word' id='word_1_5' title='bbox 216 492 351 555; x_wconf 85' lang='lat' dir='ltr'>Arobiem</span> <span class='ocrx_word' id='word_1_6' title='bbox 368 488 510 573; x_wconf 68' lang='lat' dir='ltr'>preterea</span> <span class='ocrx_word' id='word_1_7' title='bbox 525 491 758 572; x_wconf 77' lang='lat' dir='ltr'>Gholergensem&#39;</span> <span class='ocrx_word' id='word_1_8' title='bbox 771 490 1016 553; x_wconf 72' lang='lat' dir='ltr'>existimo-nani</span> <span class='ocrx_word' id='word_1_9' title='bbox 1027 489 1103 561; x_wconf 81' lang='lat' dir='ltr'>etis</span> <span class='ocrx_word' id='word_1_10' title='bbox 1118 504 1198 548; x_wconf 81' lang='lat' dir='ltr'>enno</span> 
     </span>
     <span class='ocr_line' id='line_1_3' title="bbox 102 580 1198 665; baseline -0.005 -20"><span class='ocrx_word' id='word_1_11' title='bbox 102 582 252 663; x_wconf 84' lang='lat' dir='ltr'>superiore</span> <span class='ocrx_word' id='word_1_12' title='bbox 272 592 437 645; x_wconf 74' lang='lat' dir='ltr'><strong>senatorem</strong></span> <span class='ocrx_word' id='word_1_13' title='bbox 462 584 596 663; x_wconf 86' lang='lat' dir='ltr'>egit-ut</span> <span class='ocrx_word' id='word_1_14' title='bbox 612 584 706 644; x_wconf 76' lang='lat' dir='ltr'>virum</span> <span class='ocrx_word' id='word_1_15' title='bbox 728 584 849 655; x_wconf 76' lang='lat' dir='ltr'>bonum,</span> <span class='ocrx_word' id='word_1_16' title='bbox 865 582 1100 660; x_wconf 86' lang='lat' dir='ltr'>deprecaturum,</span> <span class='ocrx_word' id='word_1_17' title='bbox 1113 580 1198 665; x_wconf 82' lang='lat' dir='ltr'>etsie</span> 
     </span>
     <span class='ocr_line' id='line_1_4' title="bbox 103 670 1198 755; baseline -0.004 -20"><span class='ocrx_word' id='word_1_18' title='bbox 103 676 363 755; x_wconf 81' lang='lat' dir='ltr'>patrocinaturum.</span> <span class='ocrx_word' id='word_1_19' title='bbox 404 676 547 753; x_wconf 72' lang='lat' dir='ltr'>Egovero</span> <span class='ocrx_word' id='word_1_20' title='bbox 564 675 603 735; x_wconf 85' lang='lat' dir='ltr'>nd</span> <span class='ocrx_word' id='word_1_21' title='bbox 615 674 696 735; x_wconf 89' lang='lat' dir='ltr'>bunc</span> <span class='ocrx_word' id='word_1_22' title='bbox 712 672 774 735; x_wconf 77' lang='lat' dir='ltr'>fe&#39;re</span> <span class='ocrx_word' id='word_1_23' title='bbox 791 674 913 735; x_wconf 83' lang='lat' dir='ltr'>modurn</span> <span class='ocrx_word' id='word_1_24' title='bbox 926 672 1064 734; x_wconf 76' lang='lat' dir='ltr'>Archiam</span> <span class='ocrx_word' id='word_1_25' title='bbox 1076 670 1198 731; x_wconf 83' lang='lat' dir='ltr'>audien·</span> 
     </span>
     <span class='ocr_line' id='line_1_5' title="bbox 102 762 1197 844; baseline -0.002 -19"><span class='ocrx_word' id='word_1_26' title='bbox 102 768 174 825; x_wconf 88' lang='lat' dir='ltr'>dum</span> <span class='ocrx_word' id='word_1_27' title='bbox 189 784 259 824; x_wconf 81' lang='lat' dir='ltr'>&#39;esee</span> <span class='ocrx_word' id='word_1_28' title='bbox 280 784 406 825; x_wconf 89' lang='lat' dir='ltr'>censeo:</span> <span class='ocrx_word' id='word_1_29' title='bbox 428 768 631 844; x_wconf 82' lang='lat' dir='ltr'>interrogetur,</span> <span class='ocrx_word' id='word_1_30' title='bbox 654 786 691 825; x_wconf 92' lang='lat' dir='ltr'>an</span> <span class='ocrx_word' id='word_1_31' title='bbox 713 786 782 844; x_wconf 87' lang='lat' dir='ltr'>ques</span> <span class='ocrx_word' id='word_1_32' title='bbox 806 766 922 825; x_wconf 71' lang='lat' dir='ltr'>udatoi</span> <span class='ocrx_word' id='word_1_33' title='bbox 943 764 1057 823; x_wconf 78' lang='lat' dir='ltr'>crimini</span> <span class='ocrx_word' id='word_1_34' title='bbox 1081 762 1197 835; x_wconf 80' lang='lat' dir='ltr'>dentur,</span> 
     </span>
     <span class='ocr_line' id='line_1_6' title="bbox 103 854 1199 935; baseline -0.002 -20"><span class='ocrx_word' id='word_1_35' title='bbox 103 867 182 917; x_wconf 86' lang='lat' dir='ltr'>recte</span> <span class='ocrx_word' id='word_1_36' title='bbox 197 876 265 916; x_wconf 87' lang='lat' dir='ltr'>ease</span> <span class='ocrx_word' id='word_1_37' title='bbox 277 856 356 917; x_wconf 82' lang='lat' dir='ltr'>secte</span> <span class='ocrx_word' id='word_1_38' title='bbox 371 865 463 934; x_wconf 86' lang='lat' dir='ltr'>putet,</span> <span class='ocrx_word' id='word_1_39' title='bbox 478 876 514 915; x_wconf 86' lang='lat' dir='ltr'>an</span> <span class='ocrx_word' id='word_1_40' title='bbox 524 874 685 934; x_wconf 77' lang='lat' dir='ltr'>perpetem.</span> <span class='ocrx_word' id='word_1_41' title='bbox 720 856 752 915; x_wconf 74' lang='lat' dir='ltr'>et</span> <span class='ocrx_word' id='word_1_42' title='bbox 766 854 956 935; x_wconf 79' lang='lat' dir='ltr'>responderit,</span> <span class='ocrx_word' id='word_1_43' title='bbox 964 863 1056 930; x_wconf 70' lang='lat' dir='ltr'>mete,</span> <span class='ocrx_word' id='word_1_44' title='bbox 1066 870 1127 913; x_wconf 87' lang='lat' dir='ltr'>uon</span> <span class='ocrx_word' id='word_1_45' title='bbox 1134 854 1199 933; x_wconf 81' lang='lat' dir='ltr'>jem</span> 
     </span>
     <span class='ocr_line' id='line_1_7' title="bbox 102 943 1199 1025; baseline -0.002 -20"><span class='ocrx_word' id='word_1_46' title='bbox 102 958 138 1007; x_wconf 86' lang='lat' dir='ltr'>ut</span> <span class='ocrx_word' id='word_1_47' title='bbox 150 948 194 1006; x_wconf 84' lang='lat' dir='ltr'>vir</span> <span class='ocrx_word' id='word_1_48' title='bbox 206 950 303 1007; x_wconf 86' lang='lat' dir='ltr'>bonne</span> <span class='ocrx_word' id='word_1_49' title='bbox 324 949 379 1005; x_wconf 88' lang='lat' dir='ltr'>erit</span> <span class='ocrx_word' id='word_1_50' title='bbox 402 946 582 1005; x_wconf 83' lang='lat' dir='ltr'>audiendus:</span> <span class='ocrx_word' id='word_1_51' title='bbox 605 946 650 1004; x_wconf 89' lang='lat' dir='ltr'>ain</span> <span class='ocrx_word' id='word_1_52' title='bbox 669 964 832 1025; x_wconf 77' lang='lat' dir='ltr'>perpetem,</span> <span class='ocrx_word' id='word_1_53' title='bbox 850 966 904 1005; x_wconf 87' lang='lat' dir='ltr'>cur</span> <span class='ocrx_word' id='word_1_54' title='bbox 926 946 965 1005; x_wconf 86' lang='lat' dir='ltr'>ad</span> <span class='ocrx_word' id='word_1_55' title='bbox 985 964 1023 1005; x_wconf 83' lang='lat' dir='ltr'>es</span> <span class='ocrx_word' id='word_1_56' title='bbox 1043 943 1199 1004; x_wconf 77' lang='lat' dir='ltr'>cbnnivere</span> 
     </span>
     <span class='ocr_line' id='line_1_8' title="bbox 102 1038 1199 1116; baseline -0.004 -19"><span class='ocrx_word' id='word_1_57' title='bbox 102 1040 237 1108; x_wconf 85' lang='lat' dir='ltr'>voluerit,</span> <span class='ocrx_word' id='word_1_58' title='bbox 254 1056 321 1097; x_wconf 90' lang='lat' dir='ltr'>cum</span> <span class='ocrx_word' id='word_1_59' title='bbox 344 1056 376 1097; x_wconf 84' lang='lat' dir='ltr'>se</span> <span class='ocrx_word' id='word_1_60' title='bbox 389 1039 500 1096; x_wconf 83' lang='lat' dir='ltr'>benum</span> <span class='ocrx_word' id='word_1_61' title='bbox 518 1054 585 1096; x_wconf 87' lang='lat' dir='ltr'>esse</span> <span class='ocrx_word' id='word_1_62' title='bbox 597 1038 690 1095; x_wconf 81' lang='lat' dir='ltr'>virum</span> <span class='ocrx_word' id='word_1_63' title='bbox 703 1038 884 1116; x_wconf 82' lang='lat' dir='ltr'>profiteatur,</span> <span class='ocrx_word' id='word_1_64' title='bbox 897 1054 997 1096; x_wconf 84' lang='lat' dir='ltr'>rursus</span> <span class='ocrx_word' id='word_1_65' title='bbox 1008 1038 1199 1114; x_wconf 79' lang='lat' dir='ltr'>interrogate.</span> 
     </span>
     <span class='ocr_line' id='line_1_9' title="bbox 102 1126 1199 1197; baseline -0.004 -8"><span class='ocrx_word' id='word_1_66' title='bbox 102 1130 192 1197; x_wconf 91' lang='lat' dir='ltr'>Quod</span> <span class='ocrx_word' id='word_1_67' title='bbox 206 1131 231 1189; x_wconf 85' lang='lat' dir='ltr'>ai</span> <span class='ocrx_word' id='word_1_68' title='bbox 245 1148 277 1189; x_wconf 86' lang='lat' dir='ltr'>ee</span> <span class='ocrx_word' id='word_1_69' title='bbox 291 1128 570 1197; x_wconf 68' lang='lat' dir='ltr'>adverteremus,</span> <span class='ocrx_word' id='word_1_70' title='bbox 586 1128 731 1189; x_wconf 83' lang='lat' dir='ltr'>neminem</span> <span class='ocrx_word' id='word_1_71' title='bbox 745 1126 1036 1189; x_wconf 80' lang='lat' dir='ltr'>antemsuscultssse</span> <span class='ocrx_word' id='word_1_72' title='bbox 1047 1126 1135 1197; x_wconf 85' lang='lat' dir='ltr'>dicet,</span> <span class='ocrx_word' id='word_1_73' title='bbox 1148 1126 1199 1185; x_wconf 88' lang='lat' dir='ltr'>ab·</span> 
     </span>
     <span class='ocr_line' id='line_1_10' title="bbox 99 1217 1199 1298; baseline -0.004 -19"><span class='ocrx_word' id='word_1_74' title='bbox 99 1221 224 1279; x_wconf 80' lang='lat' dir='ltr'>surdum</span> <span class='ocrx_word' id='word_1_75' title='bbox 238 1221 371 1298; x_wconf 79' lang='lat' dir='ltr'>proiecto</span> <span class='ocrx_word' id='word_1_76' title='bbox 380 1220 444 1289; x_wconf 87' lang='lat' dir='ltr'>erit,</span> <span class='ocrx_word' id='word_1_77' title='bbox 454 1238 533 1277; x_wconf 87' lang='lat' dir='ltr'>nunc</span> <span class='ocrx_word' id='word_1_78' title='bbox 545 1218 626 1277; x_wconf 91' lang='lat' dir='ltr'>illum</span> <span class='ocrx_word' id='word_1_79' title='bbox 637 1218 674 1277; x_wconf 90' lang='lat' dir='ltr'>ab</span> <span class='ocrx_word' id='word_1_80' title='bbox 688 1238 724 1277; x_wconf 88' lang='lat' dir='ltr'>eo</span> <span class='ocrx_word' id='word_1_81' title='bbox 732 1218 852 1277; x_wconf 77' lang='lat' dir='ltr'>defendi</span> <span class='ocrx_word' id='word_1_82' title='bbox 860 1227 1007 1289; x_wconf 86' lang='lat' dir='ltr'>senatum,</span> <span class='ocrx_word' id='word_1_83' title='bbox 1019 1217 1071 1295; x_wconf 88' lang='lat' dir='ltr'>qui</span> <span class='ocrx_word' id='word_1_84' title='bbox 1083 1217 1199 1295; x_wconf 86' lang='lat' dir='ltr'>optimis</span> 
     </span>
     <span class='ocr_line' id='line_1_11' title="bbox 101 1297 1200 1389; baseline -0.005 -19"><span class='ocrx_word' id='word_1_85' title='bbox 101 1311 168 1389; x_wconf 83' lang='lat' dir='ltr'>ejus</span> <span class='ocrx_word' id='word_1_86' title='bbox 179 1309 297 1371; x_wconf 86' lang='lat' dir='ltr'>monitis</span> <span class='ocrx_word' id='word_1_87' title='bbox 310 1328 369 1369; x_wconf 91' lang='lat' dir='ltr'>non</span> <span class='ocrx_word' id='word_1_88' title='bbox 382 1310 606 1388; x_wconf 81' lang='lat' dir='ltr'>obtemperarit:</span> <span class='ocrx_word' id='word_1_89' title='bbox 628 1297 678 1369; x_wconf 65' lang='lat' dir='ltr'>sin&#39;</span> <span class='ocrx_word' id='word_1_90' title='bbox 693 1310 832 1380; x_wconf 84' lang='lat' dir='ltr'>tacuisse,</span> <span class='ocrx_word' id='word_1_91' title='bbox 844 1328 882 1367; x_wconf 89' lang='lat' dir='ltr'>an</span> <span class='ocrx_word' id='word_1_92' title='bbox 893 1326 954 1367; x_wconf 89' lang='lat' dir='ltr'>non</span> <span class='ocrx_word' id='word_1_93' title='bbox 973 1308 1094 1385; x_wconf 88' lang='lat' dir='ltr'>injurius</span> <span class='ocrx_word' id='word_1_94' title='bbox 1108 1307 1200 1379; x_wconf 66' lang='lat' dir='ltr'>estol</span> 
     </span>
     <span class='ocr_line' id='line_1_12' title="bbox 101 1399 1200 1480; baseline 0 -21"><span class='ocrx_word' id='word_1_95' title='bbox 101 1420 122 1459; x_wconf 86' lang='lat' dir='ltr'>a</span> <span class='ocrx_word' id='word_1_96' title='bbox 141 1402 271 1480; x_wconf 87' lang='lat' dir='ltr'>peccetis</span> <span class='ocrx_word' id='word_1_97' title='bbox 286 1418 345 1469; x_wconf 79' lang='lat' dir='ltr'>non</span> <span class='ocrx_word' id='word_1_98' title='bbox 361 1400 512 1472; x_wconf 85' lang='lat' dir='ltr'>deterruit,</span> <span class='ocrx_word' id='word_1_99' title='bbox 525 1418 592 1459; x_wconf 87' lang='lat' dir='ltr'>cnm</span> <span class='ocrx_word' id='word_1_100' title='bbox 606 1411 708 1479; x_wconf 82' lang='lat' dir='ltr'>posset</span> <span class='ocrx_word' id='word_1_101' title='bbox 721 1400 879 1471; x_wconf 74' lang='lat' dir='ltr'>deteriore,</span> <span class='ocrx_word' id='word_1_102' title='bbox 897 1418 978 1458; x_wconf 89' lang='lat' dir='ltr'>nnnc</span> <span class='ocrx_word' id='word_1_103' title='bbox 990 1410 1088 1458; x_wconf 84' lang='lat' dir='ltr'>antem</span> <span class='ocrx_word' id='word_1_104' title='bbox 1100 1399 1200 1459; x_wconf 84' lang='lat' dir='ltr'>dicere</span> 
     </span>
     <span class='ocr_line' id='line_1_13' title="bbox 103 1486 1108 1569; baseline -0.002 -20"><span class='ocrx_word' id='word_1_105' title='bbox 103 1509 163 1550; x_wconf 85' lang='lat' dir='ltr'>non</span> <span class='ocrx_word' id='word_1_106' title='bbox 177 1491 301 1560; x_wconf 78' lang='lat' dir='ltr'>dubitet,</span> <span class='ocrx_word' id='word_1_107' title='bbox 311 1510 362 1550; x_wconf 87' lang='lat' dir='ltr'>eos</span> <span class='ocrx_word' id='word_1_108' title='bbox 373 1508 483 1549; x_wconf 85' lang='lat' dir='ltr'>corone</span> <span class='ocrx_word' id='word_1_109' title='bbox 495 1490 660 1558; x_wconf 82' lang='lat' dir='ltr'>docendos,</span> <span class='ocrx_word' id='word_1_110' title='bbox 674 1491 723 1568; x_wconf 84' lang='lat' dir='ltr'>qui</span> <span class='ocrx_word' id='word_1_111' title='bbox 735 1500 783 1549; x_wconf 88' lang='lat' dir='ltr'>tot</span> <span class='ocrx_word' id='word_1_112' title='bbox 795 1490 874 1550; x_wconf 82' lang='lat' dir='ltr'>mela</span> <span class='ocrx_word' id='word_1_113' title='bbox 882 1486 1108 1569; x_wconf 76' lang='lat' dir='ltr'>perpeneruntt</span> 
     </span>
    </p>

    <p class='ocr_par' dir='ltr' id='par_1_3' title="bbox 99 1580 1199 1936">
     <span class='ocr_line' id='line_1_14' title="bbox 146 1580 1198 1655; baseline 0 -16"><span class='ocrx_word' id='word_1_114' title='bbox 146 1584 193 1655; x_wconf 71' lang='lat'>14.</span> <span class='ocrx_word' id='word_1_115' title='bbox 214 1582 348 1641; x_wconf 81' lang='lat' dir='ltr'>Arbitror</span> <span class='ocrx_word' id='word_1_116' title='bbox 360 1590 458 1641; x_wconf 72' lang='lat' dir='ltr'>eumen</span> <span class='ocrx_word' id='word_1_117' title='bbox 472 1580 687 1641; x_wconf 80' lang='lat' dir='ltr'>Androtionem</span> <span class='ocrx_word' id='word_1_118' title='bbox 703 1600 762 1640; x_wconf 87' lang='lat' dir='ltr'>nec</span> <span class='ocrx_word' id='word_1_119' title='bbox 771 1580 847 1639; x_wconf 80' lang='lat' dir='ltr'>illud</span> <span class='ocrx_word' id='word_1_120' title='bbox 859 1580 1044 1651; x_wconf 65' lang='lat' dir='ltr'>omissurum,</span> <span class='ocrx_word' id='word_1_121' title='bbox 1057 1580 1121 1639; x_wconf 83' lang='lat' dir='ltr'>bren</span> <span class='ocrx_word' id='word_1_122' title='bbox 1134 1598 1198 1639; x_wconf 61' lang='lat' dir='ltr'>ome</span> 
     </span>
     <span class='ocr_line' id='line_1_15' title="bbox 102 1664 1198 1753; baseline -0.001 -21"><span class='ocrx_word' id='word_1_123' title='bbox 102 1673 151 1733; x_wconf 87' lang='lat' dir='ltr'>nie</span> <span class='ocrx_word' id='word_1_124' title='bbox 175 1673 230 1732; x_wconf 87' lang='lat' dir='ltr'>sibi</span> <span class='ocrx_word' id='word_1_125' title='bbox 253 1682 371 1753; x_wconf 83' lang='lat' dir='ltr'>propter</span> <span class='ocrx_word' id='word_1_126' title='bbox 391 1672 500 1732; x_wconf 86' lang='lat' dir='ltr'>tribute</span> <span class='ocrx_word' id='word_1_127' title='bbox 521 1664 670 1744; x_wconf 75' lang='lat' dir='ltr'>accidere,</span> <span class='ocrx_word' id='word_1_128' title='bbox 681 1678 749 1751; x_wconf 81' lang='lat' dir='ltr'>quae</span> <span class='ocrx_word' id='word_1_129' title='bbox 771 1692 805 1732; x_wconf 91' lang='lat' dir='ltr'>se</span> <span class='ocrx_word' id='word_1_130' title='bbox 823 1684 922 1733; x_wconf 79' lang='lat' dir='ltr'>vesun</span> <span class='ocrx_word' id='word_1_131' title='bbox 934 1670 1198 1750; x_wconf 84' lang='lat' dir='ltr'>nomineapencis</span> 
     </span>
     <span class='ocr_line' id='line_1_16' title="bbox 99 1763 1199 1843; baseline 0.001 -20"><span class='ocrx_word' id='word_1_132' title='bbox 99 1765 233 1843; x_wconf 73' lang='lat' dir='ltr'>exegisse</span> <span class='ocrx_word' id='word_1_133' title='bbox 243 1764 330 1838; x_wconf 88' lang='lat' dir='ltr'>dicet,</span> <span class='ocrx_word' id='word_1_134' title='bbox 344 1765 394 1842; x_wconf 88' lang='lat' dir='ltr'>qui</span> <span class='ocrx_word' id='word_1_135' title='bbox 413 1782 553 1843; x_wconf 79' lang='lat' dir='ltr'>magnoni</span> <span class='ocrx_word' id='word_1_136' title='bbox 566 1782 609 1823; x_wconf 75' lang='lat' dir='ltr'>ees</span> <span class='ocrx_word' id='word_1_137' title='bbox 620 1764 748 1824; x_wconf 82' lang='lat' dir='ltr'>alienum</span> <span class='ocrx_word' id='word_1_138' title='bbox 757 1763 942 1843; x_wconf 70' lang='lat' dir='ltr'>impudenter</span> <span class='ocrx_word' id='word_1_139' title='bbox 958 1763 1145 1825; x_wconf 69' lang='lat' dir='ltr'>rennuerint:</span> <span class='ocrx_word' id='word_1_140' title='bbox 1167 1772 1199 1824; x_wconf 86' lang='lat' dir='ltr'>et</span> 
     </span>
     <span class='ocr_line' id='line_1_17' title="bbox 100 1847 1199 1936; baseline 0.002 -22"><span class='ocrx_word' id='word_1_141' title='bbox 100 1875 152 1916; x_wconf 87' lang='lat' dir='ltr'>eos</span> <span class='ocrx_word' id='word_1_142' title='bbox 165 1855 315 1916; x_wconf 73' lang='lat' dir='ltr'>accusabit</span> <span class='ocrx_word' id='word_1_143' title='bbox 333 1859 406 1935; x_wconf 86' lang='lat' dir='ltr'>(quo</span> <span class='ocrx_word' id='word_1_144' title='bbox 418 1856 489 1933; x_wconf 90' lang='lat' dir='ltr'>quid</span> <span class='ocrx_word' id='word_1_145' title='bbox 507 1864 554 1915; x_wconf 86' lang='lat' dir='ltr'>est</span> <span class='ocrx_word' id='word_1_146' title='bbox 566 1854 649 1916; x_wconf 80' lang='lat' dir='ltr'>fectu</span> <span class='ocrx_word' id='word_1_147' title='bbox 662 1855 812 1930; x_wconf 78' lang='lat' dir='ltr'>leelliusl)</span> <span class='ocrx_word' id='word_1_148' title='bbox 823 1847 874 1935; x_wconf 88' lang='lat' dir='ltr'>qni</span> <span class='ocrx_word' id='word_1_149' title='bbox 891 1857 1000 1917; x_wconf 82' lang='lat' dir='ltr'>tributa</span> <span class='ocrx_word' id='word_1_150' title='bbox 1013 1876 1074 1916; x_wconf 91' lang='lat' dir='ltr'>non</span> <span class='ocrx_word' id='word_1_151' title='bbox 1087 1874 1199 1936; x_wconf 83' lang='lat' dir='ltr'>pepen-</span> 
     </span>
    </p>
   </div>
   <div class='ocr_carea' id='block_1_3' title="bbox 100 1932 1275 2027">
    <p class='ocr_par' dir='ltr' id='par_1_4' title="bbox 100 1932 1275 2027">
     <span class='ocr_line' id='line_1_18' title="bbox 100 1932 1275 2027; baseline 0.002 -22"><span class='ocrx_word' id='word_1_152' title='bbox 100 1947 216 2017; x_wconf 87' lang='lat' dir='ltr'>derunt,</span> <span class='ocrx_word' id='word_1_153' title='bbox 231 1956 262 2006; x_wconf 89' lang='lat' dir='ltr'>et</span> <span class='ocrx_word' id='word_1_154' title='bbox 273 1932 362 2017; x_wconf 76' lang='lat' dir='ltr'>didet,</span> <span class='ocrx_word' id='word_1_155' title='bbox 374 1966 490 2007; x_wconf 86' lang='lat' dir='ltr'>omnem</span> <span class='ocrx_word' id='word_1_156' title='bbox 503 1946 705 2024; x_wconf 68' lang='lat' dir='ltr'>impunitatem</span> <span class='ocrx_word' id='word_1_157' title='bbox 714 1946 897 2026; x_wconf 87' lang='lat' dir='ltr'>propesitum</span> <span class='ocrx_word' id='word_1_158' title='bbox 915 1947 949 2006; x_wconf 92' lang='lat' dir='ltr'>iri</span> <span class='ocrx_word' id='word_1_159' title='bbox 964 1948 1000 2006; x_wconf 88' lang='lat' dir='ltr'>iis</span> <span class='ocrx_word' id='word_1_160' title='bbox 1019 1947 1071 2027; x_wconf 87' lang='lat' dir='ltr'>qui</span> <span class='ocrx_word' id='word_1_161' title='bbox 1089 1946 1199 2007; x_wconf 83' lang='lat' dir='ltr'>tribute</span> <span class='ocrx_word' id='word_1_162' title='bbox 1272 2010 1275 2020; x_wconf 67' lang='grc'>,</span> 
     </span>
    </p>
   </div>
   <div class='ocr_carea' id='block_1_4' title="bbox 95 2032 1199 2571">
    <p class='ocr_par' dir='ltr' id='par_1_5' title="bbox 95 2032 1199 2571">
     <span class='ocr_line' id='line_1_19' title="bbox 100 2032 1196 2117; baseline 0.001 -21"><span class='ocrx_word' id='word_1_163' title='bbox 100 2058 160 2097; x_wconf 90' lang='lat' dir='ltr'>non</span> <span class='ocrx_word' id='word_1_164' title='bbox 183 2038 326 2115; x_wconf 81' lang='lat' dir='ltr'>pendent,</span> <span class='ocrx_word' id='word_1_165' title='bbox 349 2038 374 2095; x_wconf 86' lang='lat' dir='ltr'>si</span> <span class='ocrx_word' id='word_1_166' title='bbox 395 2038 459 2115; x_wconf 89' lang='lat' dir='ltr'>ipse</span> <span class='ocrx_word' id='word_1_167' title='bbox 483 2038 703 2097; x_wconf 79' lang='lat' dir='ltr'>condemnetur.</span> <span class='ocrx_word' id='word_1_168' title='bbox 753 2038 816 2097; x_wconf 89' lang='lat' dir='ltr'>Vos</span> <span class='ocrx_word' id='word_1_169' title='bbox 840 2032 939 2098; x_wconf 77' lang='lat' dir='ltr'>eutem</span> <span class='ocrx_word' id='word_1_170' title='bbox 962 2040 1088 2117; x_wconf 86' lang='lat' dir='ltr'>primum</span> <span class='ocrx_word' id='word_1_171' title='bbox 1110 2038 1196 2111; x_wconf 87' lang='lat' dir='ltr'>illud,</span> 
     </span>
     <span class='ocr_line' id='line_1_20' title="bbox 101 2126 1197 2203; baseline 0.001 -17"><span class='ocrx_word' id='word_1_172' title='bbox 101 2128 307 2196; x_wconf 72' lang='lat' dir='ltr'>Athenienses,</span> <span class='ocrx_word' id='word_1_173' title='bbox 320 2126 459 2203; x_wconf 82' lang='lat' dir='ltr'>cogitate,</span> <span class='ocrx_word' id='word_1_174' title='bbox 473 2144 527 2185; x_wconf 85' lang='lat' dir='ltr'>uos</span> <span class='ocrx_word' id='word_1_175' title='bbox 541 2146 599 2185; x_wconf 91' lang='lat' dir='ltr'>non</span> <span class='ocrx_word' id='word_1_176' title='bbox 612 2128 651 2185; x_wconf 89' lang='lat' dir='ltr'>de</span> <span class='ocrx_word' id='word_1_177' title='bbox 665 2126 715 2186; x_wconf 73' lang='lat' dir='ltr'>dle</span> <span class='ocrx_word' id='word_1_178' title='bbox 722 2148 754 2187; x_wconf 90' lang='lat' dir='ltr'>re</span> <span class='ocrx_word' id='word_1_179' title='bbox 766 2130 942 2187; x_wconf 69' lang='lat' dir='ltr'>ammutium</span> <span class='ocrx_word' id='word_1_180' title='bbox 950 2128 1074 2198; x_wconf 88' lang='lat' dir='ltr'>letnros,</span> <span class='ocrx_word' id='word_1_181' title='bbox 1088 2129 1142 2188; x_wconf 85' lang='lat' dir='ltr'>sed</span> <span class='ocrx_word' id='word_1_182' title='bbox 1158 2129 1197 2189; x_wconf 88' lang='lat' dir='ltr'>de</span> 
     </span>
     <span class='ocr_line' id='line_1_21' title="bbox 100 2218 1197 2295; baseline -0.001 -15"><span class='ocrx_word' id='word_1_183' title='bbox 100 2240 147 2292; x_wconf 90' lang='lat' dir='ltr'>eo,</span> <span class='ocrx_word' id='word_1_184' title='bbox 162 2238 201 2279; x_wconf 87' lang='lat' dir='ltr'>en</span> <span class='ocrx_word' id='word_1_185' title='bbox 215 2219 365 2277; x_wconf 85' lang='lat' dir='ltr'>decretum</span> <span class='ocrx_word' id='word_1_186' title='bbox 377 2218 491 2295; x_wconf 83' lang='lat' dir='ltr'>legibus</span> <span class='ocrx_word' id='word_1_187' title='bbox 505 2226 734 2277; x_wconf 85' lang='lat' dir='ltr'>consentaneum</span> <span class='ocrx_word' id='word_1_188' title='bbox 749 2218 860 2277; x_wconf 83' lang='lat' dir='ltr'>fecerit.</span> <span class='ocrx_word' id='word_1_189' title='bbox 902 2218 1028 2290; x_wconf 86' lang='lat' dir='ltr'>Deinde,</span> <span class='ocrx_word' id='word_1_190' title='bbox 1040 2219 1122 2277; x_wconf 87' lang='lat' dir='ltr'>nullo</span> <span class='ocrx_word' id='word_1_191' title='bbox 1131 2238 1197 2279; x_wconf 86' lang='lat' dir='ltr'>esse</span> 
     </span>
     <span class='ocr_line' id='line_1_22' title="bbox 101 2308 1199 2387; baseline -0.004 -15"><span class='ocrx_word' id='word_1_192' title='bbox 101 2312 191 2372; x_wconf 88' lang='lat' dir='ltr'>modo</span> <span class='ocrx_word' id='word_1_193' title='bbox 205 2309 415 2382; x_wconf 65' lang='lat' dir='ltr'>ferendumne</span> <span class='ocrx_word' id='word_1_194' title='bbox 435 2308 588 2387; x_wconf 88' lang='lat' dir='ltr'>quiritetnr</span> <span class='ocrx_word' id='word_1_195' title='bbox 600 2327 619 2367; x_wconf 87' lang='lat' dir='ltr'>a</span> <span class='ocrx_word' id='word_1_196' title='bbox 631 2308 781 2368; x_wconf 88' lang='lat' dir='ltr'>nonnullis</span> <span class='ocrx_word' id='word_1_197' title='bbox 790 2309 934 2387; x_wconf 82' lang='lat' dir='ltr'>&#39;injuriam</span> <span class='ocrx_word' id='word_1_198' title='bbox 949 2308 1117 2386; x_wconf 67' lang='lat' dir='ltr'>reipublice</span> <span class='ocrx_word' id='word_1_199' title='bbox 1125 2308 1199 2381; x_wconf 78' lang='lat' dir='ltr'>fieri,</span> 
     </span>
     <span class='ocr_line' id='line_1_23' title="bbox 95 2398 1197 2484; baseline -0.004 -21"><span class='ocrx_word' id='word_1_200' title='bbox 95 2414 189 2484; x_wconf 79' lang='lat' dir='ltr'>atque</span> <span class='ocrx_word' id='word_1_201' title='bbox 204 2402 269 2481; x_wconf 83' lang='lat' dir='ltr'>ipse</span> <span class='ocrx_word' id='word_1_202' title='bbox 280 2406 404 2476; x_wconf 86' lang='lat' dir='ltr'>mejores</span> <span class='ocrx_word' id='word_1_203' title='bbox 424 2399 543 2478; x_wconf 86' lang='lat' dir='ltr'>injurias</span> <span class='ocrx_word' id='word_1_204' title='bbox 567 2399 622 2458; x_wconf 92' lang='lat' dir='ltr'>sibi</span> <span class='ocrx_word' id='word_1_205' title='bbox 643 2399 803 2461; x_wconf 84' lang='lat' dir='ltr'>condonari</span> <span class='ocrx_word' id='word_1_206' title='bbox 826 2398 962 2479; x_wconf 76' lang='lat' dir='ltr'>postulet</span> <span class='ocrx_word' id='word_1_207' title='bbox 1001 2399 1197 2477; x_wconf 83' lang='lat' dir='ltr'>Longeeninr</span> 
     </span>
     <span class='ocr_line' id='line_1_24' title="bbox 98 2491 1198 2571; baseline -0.003 -16"><span class='ocrx_word' id='word_1_208' title='bbox 98 2494 280 2556; x_wconf 81' lang='lat' dir='ltr'>hauddubie</span> <span class='ocrx_word' id='word_1_209' title='bbox 293 2492 406 2552; x_wconf 78' lang='lat' dir='ltr'>lacinus</span> <span class='ocrx_word' id='word_1_210' title='bbox 416 2502 462 2551; x_wconf 82' lang='lat' dir='ltr'>eet</span> <span class='ocrx_word' id='word_1_211' title='bbox 473 2491 590 2570; x_wconf 83' lang='lat' dir='ltr'>gravius</span> <span class='ocrx_word' id='word_1_212' title='bbox 603 2491 722 2552; x_wconf 90' lang='lat' dir='ltr'>decreto</span> <span class='ocrx_word' id='word_1_213' title='bbox 730 2491 840 2552; x_wconf 84' lang='lat' dir='ltr'>violare</span> <span class='ocrx_word' id='word_1_214' title='bbox 851 2491 943 2570; x_wconf 85' lang='lat' dir='ltr'>leges,</span> <span class='ocrx_word' id='word_1_215' title='bbox 952 2511 1041 2570; x_wconf 88' lang='lat' dir='ltr'>quam</span> <span class='ocrx_word' id='word_1_216' title='bbox 1053 2509 1113 2551; x_wconf 88' lang='lat' dir='ltr'>non</span> <span class='ocrx_word' id='word_1_217' title='bbox 1125 2492 1198 2571; x_wconf 82' lang='lat' dir='ltr'>p&#39;en·</span> 
     </span>
    </p>
   </div>
   <div class='ocr_carea' id='block_1_5' title="bbox 100 2563 1325 2656">
    <p class='ocr_par' dir='ltr' id='par_1_6' title="bbox 100 2563 1325 2656">
     <span class='ocr_line' id='line_1_25' title="bbox 100 2563 1325 2656; baseline -0.007 -8"><span class='ocrx_word' id='word_1_218' title='bbox 100 2589 169 2648; x_wconf 86' lang='lat' dir='ltr'>dere</span> <span class='ocrx_word' id='word_1_219' title='bbox 187 2586 338 2647; x_wconf 86' lang='lat' dir='ltr'>tributum.</span> <span class='ocrx_word' id='word_1_220' title='bbox 382 2585 491 2646; x_wconf 89' lang='lat' dir='ltr'>Verum</span> <span class='ocrx_word' id='word_1_221' title='bbox 514 2583 630 2644; x_wconf 84' lang='lat' dir='ltr'>temetsi</span> <span class='ocrx_word' id='word_1_222' title='bbox 644 2583 872 2656; x_wconf 72' lang='lat' dir='ltr'>constaretisto</span> <span class='ocrx_word' id='word_1_223' title='bbox 885 2584 1091 2655; x_wconf 81' lang='lat' dir='ltr'>condemnato,</span> <span class='ocrx_word' id='word_1_224' title='bbox 1104 2585 1197 2642; x_wconf 88' lang='lat' dir='ltr'>nemi·-</span> <span class='ocrx_word' id='word_1_225' title='bbox 1247 2619 1251 2626; x_wconf 95' lang='lat'>-</span> <span class='ocrx_word' id='word_1_226' title='bbox 1318 2563 1325 2573; x_wconf 67' lang='grc'><em>’</em></span> 
     </span>
    </p>
   </div>
   <div class='ocr_carea' id='block_1_6' title="bbox 10 2673 1197 3488">
    <p class='ocr_par' dir='ltr' id='par_1_7' title="bbox 10 2673 1197 3488">
     <span class='ocr_line' id='line_1_26' title="bbox 99 2673 1197 2752; baseline -0.004 -12"><span class='ocrx_word' id='word_1_227' title='bbox 99 2683 166 2740; x_wconf 81' lang='lat' dir='ltr'>nenl</span> <span class='ocrx_word' id='word_1_228' title='bbox 177 2687 229 2738; x_wconf 86' lang='lat' dir='ltr'>eut</span> <span class='ocrx_word' id='word_1_229' title='bbox 236 2676 420 2747; x_wconf 84' lang='lat' dir='ltr'>collatorum,</span> <span class='ocrx_word' id='word_1_230' title='bbox 430 2685 484 2734; x_wconf 80' lang='lat' dir='ltr'>ent</span> <span class='ocrx_word' id='word_1_231' title='bbox 492 2688 662 2736; x_wconf 72' lang='lat' dir='ltr'>erecturum</span> <span class='ocrx_word' id='word_1_232' title='bbox 671 2676 896 2746; x_wconf 71' lang='lat' dir='ltr'>essetribmum,</span> <span class='ocrx_word' id='word_1_233' title='bbox 905 2693 944 2734; x_wconf 91' lang='lat' dir='ltr'>ne</span> <span class='ocrx_word' id='word_1_234' title='bbox 952 2674 995 2734; x_wconf 84' lang='lat' dir='ltr'>sic</span> <span class='ocrx_word' id='word_1_235' title='bbox 1004 2673 1123 2752; x_wconf 83' lang='lat' dir='ltr'>quidem</span> <span class='ocrx_word' id='word_1_236' title='bbox 1130 2676 1197 2736; x_wconf 83' lang='lat' dir='ltr'>esse</span> 
     </span>
     <span class='ocr_line' id='line_1_27' title="bbox 100 2765 1197 2847; baseline -0.005 -15"><span class='ocrx_word' id='word_1_237' title='bbox 100 2767 310 2832; x_wconf 82' lang='lat' dir='ltr'>absolvendum</span> <span class='ocrx_word' id='word_1_238' title='bbox 332 2765 612 2845; x_wconf 79' lang='lat' dir='ltr'>binocognoscetia.</span> <span class='ocrx_word' id='word_1_239' title='bbox 654 2767 748 2827; x_wconf 85' lang='lat' dir='ltr'>Vobis</span> <span class='ocrx_word' id='word_1_240' title='bbox 772 2767 916 2828; x_wconf 86' lang='lat' dir='ltr'>etributie</span> <span class='ocrx_word' id='word_1_241' title='bbox 934 2767 1096 2827; x_wconf 83' lang='lat' dir='ltr'>Nensinico</span> <span class='ocrx_word' id='word_1_242' title='bbox 1118 2783 1197 2847; x_wconf 72' lang='lat' dir='ltr'>proe‘·</span> 
     </span>
     <span class='ocr_line' id='line_1_28' title="bbox 99 2857 1196 2941; baseline -0.002 -19"><span class='ocrx_word' id='word_1_243' title='bbox 99 2873 162 2922; x_wconf 89' lang='lat' dir='ltr'>tore</span> <span class='ocrx_word' id='word_1_244' title='bbox 176 2857 333 2941; x_wconf 82' lang='lat' dir='ltr'>imperetis,</span> <span class='ocrx_word' id='word_1_245' title='bbox 347 2877 413 2938; x_wconf 75' lang='lat' dir='ltr'>quea</span> <span class='ocrx_word' id='word_1_246' title='bbox 426 2859 540 2919; x_wconf 84' lang='lat' dir='ltr'>circiter</span> <span class='ocrx_word' id='word_1_247' title='bbox 553 2869 751 2920; x_wconf 87' lang='lat' dir='ltr'>trecentorum</span> <span class='ocrx_word' id='word_1_248' title='bbox 768 2859 922 2930; x_wconf 75' lang='lat' dir='ltr'>mlentnm,</span> <span class='ocrx_word' id='word_1_249' title='bbox 936 2871 988 2918; x_wconf 86' lang='lat' dir='ltr'>ent</span> <span class='ocrx_word' id='word_1_250' title='bbox 1003 2859 1095 2939; x_wconf 85' lang='lat' dir='ltr'>paulo</span> <span class='ocrx_word' id='word_1_251' title='bbox 1104 2859 1196 2938; x_wconf 85' lang='lat' dir='ltr'>pluris</span> 
     </span>
     <span class='ocr_line' id='line_1_29' title="bbox 98 2947 1195 3031; baseline -0.002 -17"><span class='ocrx_word' id='word_1_252' title='bbox 98 2949 455 3031; x_wconf 68' lang='lat' dir='ltr'>fueruntquntuordeclm</span> <span class='ocrx_word' id='word_1_253' title='bbox 466 2950 578 3010; x_wconf 80' lang='lat' dir='ltr'>talentu</span> <span class='ocrx_word' id='word_1_254' title='bbox 587 2951 722 3010; x_wconf 79' lang='lat' dir='ltr'>deluere:</span> <span class='ocrx_word' id='word_1_255' title='bbox 744 2951 937 3030; x_wconf 73' lang='lat' dir='ltr'>quamnim</span> <span class='ocrx_word' id='word_1_256' title='bbox 947 2961 1060 3030; x_wconf 87' lang='lat' dir='ltr'>septem</span> <span class='ocrx_word' id='word_1_257' title='bbox 1069 2947 1195 3030; x_wconf 88' lang='lat' dir='ltr'>redegit&#39;.</span> 
     </span>
     <span class='ocr_line' id='line_1_30' title="bbox 100 3041 1195 3122; baseline -0.001 -16"><span class='ocrx_word' id='word_1_258' title='bbox 100 3047 161 3106; x_wconf 82' lang='lat' dir='ltr'>Sed</span> <span class='ocrx_word' id='word_1_259' title='bbox 175 3061 232 3122; x_wconf 85' lang='lat' dir='ltr'>ego</span> <span class='ocrx_word' id='word_1_260' title='bbox 244 3061 322 3120; x_wconf 86' lang='lat' dir='ltr'>pono</span> <span class='ocrx_word' id='word_1_261' title='bbox 335 3041 483 3118; x_wconf 79' lang='lat' dir='ltr'>redegisse</span> <span class='ocrx_word' id='word_1_262' title='bbox 501 3041 608 3102; x_wconf 86' lang='lat' dir='ltr'>omnia.</span> <span class='ocrx_word' id='word_1_263' title='bbox 649 3041 764 3102; x_wconf 72' lang='lat' dir='ltr'>Ad&#39;ens</span> <span class='ocrx_word' id='word_1_264' title='bbox 777 3041 866 3120; x_wconf 87' lang='lat' dir='ltr'>igitur</span> <span class='ocrx_word' id='word_1_265' title='bbox 883 3041 933 3119; x_wconf 88' lang='lat' dir='ltr'>qni</span> <span class='ocrx_word' id='word_1_266' title='bbox 942 3041 1018 3102; x_wconf 89' lang='lat' dir='ltr'>nltro</span> <span class='ocrx_word' id='word_1_267' title='bbox 1029 3053 1195 3115; x_wconf 77' lang='lat' dir='ltr'>numerent,</span> 
     </span>
     <span class='ocr_line' id='line_1_31' title="bbox 98 3130 1195 3211; baseline -0.002 -15"><span class='ocrx_word' id='word_1_268' title='bbox 98 3151 158 3196; x_wconf 88' lang='lat' dir='ltr'>nnn</span> <span class='ocrx_word' id='word_1_269' title='bbox 172 3133 268 3211; x_wconf 87' lang='lat' dir='ltr'>egetis</span> <span class='ocrx_word' id='word_1_270' title='bbox 279 3130 478 3191; x_wconf 82' lang='lat' dir='ltr'>Androtione:</span> <span class='ocrx_word' id='word_1_271' title='bbox 500 3130 554 3191; x_wconf 80' lang='lat' dir='ltr'>sed</span> <span class='ocrx_word' id='word_1_272' title='bbox 568 3132 607 3190; x_wconf 82' lang='lat' dir='ltr'>sd</span> <span class='ocrx_word' id='word_1_273' title='bbox 619 3133 793 3192; x_wconf 76' lang='lat' dir='ltr'>cessatores.</span> <span class='ocrx_word' id='word_1_274' title='bbox 834 3133 997 3210; x_wconf 71' lang='lat' dir='ltr'>Diligenter</span> <span class='ocrx_word' id='word_1_275' title='bbox 1014 3134 1104 3211; x_wconf 82' lang='lat' dir='ltr'>igitur</span> <span class='ocrx_word' id='word_1_276' title='bbox 1111 3135 1195 3194; x_wconf 81' lang='lat' dir='ltr'>robis</span> 
     </span>
     <span class='ocr_line' id='line_1_32' title="bbox 10 3207 1195 3300; baseline 0.007 -22"><span class='ocrx_word' id='word_1_277' title='bbox 10 3260 18 3278; x_wconf 90' lang='lat'><em>.</em></span> <span class='ocrx_word' id='word_1_278' title='bbox 98 3239 147 3286; x_wconf 86' lang='lat' dir='ltr'>est</span> <span class='ocrx_word' id='word_1_279' title='bbox 159 3241 239 3284; x_wconf 86' lang='lat' dir='ltr'>nunc</span> <span class='ocrx_word' id='word_1_280' title='bbox 252 3221 509 3294; x_wconf 84' lang='lat' dir='ltr'>considerandum,</span> <span class='ocrx_word' id='word_1_281' title='bbox 522 3222 634 3281; x_wconf 85' lang='lat' dir='ltr'>tantine</span> <span class='ocrx_word' id='word_1_282' title='bbox 643 3207 796 3283; x_wconf 69' lang='lat' dir='ltr'>annin·</span> <span class='ocrx_word' id='word_1_283' title='bbox 814 3223 979 3300; x_wconf 69' lang='lat' dir='ltr'>reipublice</span> <span class='ocrx_word' id='word_1_284' title='bbox 993 3231 1195 3286; x_wconf 71' lang='lat' dir='ltr'>autumante-</span> 
     </span>
     <span class='ocr_line' id='line_1_33' title="bbox 98 3311 1194 3396; baseline -0.004 -18"><span class='ocrx_word' id='word_1_285' title='bbox 98 3327 201 3396; x_wconf 83' lang='lat' dir='ltr'>ceptns</span> <span class='ocrx_word' id='word_1_286' title='bbox 215 3313 308 3390; x_wconf 87' lang='lat' dir='ltr'>leges,</span> <span class='ocrx_word' id='word_1_287' title='bbox 323 3321 353 3371; x_wconf 88' lang='lat' dir='ltr'>et</span> <span class='ocrx_word' id='word_1_288' title='bbox 367 3311 559 3390; x_wconf 85' lang='lat' dir='ltr'>jurisjurandi</span> <span class='ocrx_word' id='word_1_289' title='bbox 573 3311 753 3390; x_wconf 87' lang='lat' dir='ltr'>religionem.</span> <span class='ocrx_word' id='word_1_290' title='bbox 796 3312 872 3371; x_wconf 84' lang='lat' dir='ltr'>Nem</span> <span class='ocrx_word' id='word_1_291' title='bbox 886 3313 912 3370; x_wconf 88' lang='lat' dir='ltr'>si</span> <span class='ocrx_word' id='word_1_292' title='bbox 924 3313 1012 3371; x_wconf 65' lang='lat' dir='ltr'>unum</span> <span class='ocrx_word' id='word_1_293' title='bbox 1026 3314 1194 3395; x_wconf 75' lang='lat' dir='ltr'>obsoleetis,</span> 
     </span>
     <span class='ocr_line' id='line_1_34' title="bbox 57 3398 1195 3488; baseline 0.001 -22"><span class='ocrx_word' id='word_1_294' title='bbox 57 3437 66 3444; x_wconf 94' lang='lat'>·</span> <span class='ocrx_word' id='word_1_295' title='bbox 98 3409 148 3488; x_wconf 88' lang='lat' dir='ltr'>qui</span> <span class='ocrx_word' id='word_1_296' title='bbox 173 3405 248 3465; x_wconf 85' lang='lat' dir='ltr'>adeo</span> <span class='ocrx_word' id='word_1_297' title='bbox 269 3402 422 3462; x_wconf 73' lang='lat' dir='ltr'>manifeste</span> <span class='ocrx_word' id='word_1_298' title='bbox 446 3403 561 3480; x_wconf 86' lang='lat' dir='ltr'>legibue</span> <span class='ocrx_word' id='word_1_299' title='bbox 580 3403 727 3463; x_wconf 87' lang='lat' dir='ltr'>contrarie</span> <span class='ocrx_word' id='word_1_300' title='bbox 746 3403 886 3474; x_wconf 80' lang='lat' dir='ltr'>decrevit,</span> <span class='ocrx_word' id='word_1_301' title='bbox 905 3398 1195 3484; x_wconf 77' lang='lat' dir='ltr'>omniumopinione</span> 
     </span>
    </p>
   </div>
   <div class='ocr_carea' id='block_1_7' title="bbox 96 3493 1232 3664">
    <p class='ocr_par' dir='ltr' id='par_1_8' title="bbox 96 3493 1232 3664">
     <span class='ocr_line' id='line_1_35' title="bbox 96 3493 1222 3583; baseline -0.022 -20"><span class='ocrx_word' id='word_1_302' title='bbox 96 3500 255 3583; x_wconf 83' lang='lat' dir='ltr'>pecuniam</span> <span class='ocrx_word' id='word_1_303' title='bbox 264 3495 343 3555; x_wconf 85' lang='lat' dir='ltr'>illam</span> <span class='ocrx_word' id='word_1_304' title='bbox 358 3494 470 3574; x_wconf 84' lang='lat' dir='ltr'>legibus</span> <span class='ocrx_word' id='word_1_305' title='bbox 480 3505 510 3556; x_wconf 89' lang='lat' dir='ltr'>et</span> <span class='ocrx_word' id='word_1_306' title='bbox 519 3495 703 3574; x_wconf 79' lang='lat' dir='ltr'>jurijurando</span> <span class='ocrx_word' id='word_1_307' title='bbox 711 3493 913 3573; x_wconf 68' lang='lat' dir='ltr'>pretuleritis:</span> <span class='ocrx_word' id='word_1_308' title='bbox 933 3513 1081 3573; x_wconf 50' lang='lat' dir='ltr'>queam</span> <span class='ocrx_word' id='word_1_309' title='bbox 1092 3497 1116 3556; x_wconf 66' lang='grc' dir='ltr'>,ε</span> <span class='ocrx_word' id='word_1_310' title='bbox 1126 3497 1193 3576; x_wconf 59' lang='grc' dir='ltr'>(μή,</span> <span class='ocrx_word' id='word_1_311' title='bbox 1216 3495 1222 3506; x_wconf 87' lang='grc'><em>“</em></span> 
     </span>
     <span class='ocr_line' id='line_1_36' title="bbox 98 3584 1232 3664; baseline -0.01 -12"><span class='ocrx_word' id='word_1_312' title='bbox 98 3609 164 3652; x_wconf 85' lang='lat' dir='ltr'>eam</span> <span class='ocrx_word' id='word_1_313' title='bbox 188 3589 226 3648; x_wconf 86' lang='lat' dir='ltr'>de</span> <span class='ocrx_word' id='word_1_314' title='bbox 246 3605 301 3646; x_wconf 86' lang='lat' dir='ltr'>sno</span> <span class='ocrx_word' id='word_1_315' title='bbox 313 3585 478 3663; x_wconf 78' lang='lat' dir='ltr'>largiretur,</span> <span class='ocrx_word' id='word_1_316' title='bbox 492 3585 666 3664; x_wconf 84' lang='lat' dir='ltr'>accipienda</span> <span class='ocrx_word' id='word_1_317' title='bbox 679 3595 769 3658; x_wconf 86' lang='lat' dir='ltr'>esset,</span> <span class='ocrx_word' id='word_1_318' title='bbox 782 3584 892 3645; x_wconf 84' lang='lat' dir='ltr'>nedem</span> <span class='ocrx_word' id='word_1_319' title='bbox 907 3585 1052 3664; x_wconf 76' lang='lat' dir='ltr'>exigenda</span> <span class='ocrx_word' id='word_1_320' title='bbox 1064 3589 1104 3648; x_wconf 88' lang='lat' dir='ltr'>nb</span> <span class='ocrx_word' id='word_1_321' title='bbox 1116 3586 1191 3650; x_wconf 59' lang='lat' dir='ltr'>aliie,</span> <span class='ocrx_word' id='word_1_322' title='bbox 1226 3636 1232 3643; x_wconf 86' lang='lat'><strong><em>.</em></strong></span> 
     </span>
    </p>
   </div>
   <div class='ocr_carea' id='block_1_8' title="bbox 96 3676 1192 4399">
    <p class='ocr_par' dir='ltr' id='par_1_9' title="bbox 96 3676 1192 3938">
     <span class='ocr_line' id='line_1_37' title="bbox 99 3676 1192 3757; baseline 0 -16"><span class='ocrx_word' id='word_1_323' title='bbox 99 3679 226 3741; x_wconf 87' lang='lat' dir='ltr'>Proinde</span> <span class='ocrx_word' id='word_1_324' title='bbox 240 3697 307 3739; x_wconf 86' lang='lat' dir='ltr'>cum</span> <span class='ocrx_word' id='word_1_325' title='bbox 322 3678 386 3736; x_wconf 78' lang='lat' dir='ltr'>hoec</span> <span class='ocrx_word' id='word_1_326' title='bbox 402 3676 516 3748; x_wconf 81' lang='lat' dir='ltr'>dixerit,</span> <span class='ocrx_word' id='word_1_327' title='bbox 530 3683 708 3736; x_wconf 83' lang='lat' dir='ltr'>mementote</span> <span class='ocrx_word' id='word_1_328' title='bbox 726 3677 925 3756; x_wconf 82' lang='lat' dir='ltr'>jurisjurandi,</span> <span class='ocrx_word' id='word_1_329' title='bbox 939 3687 971 3738; x_wconf 85' lang='lat' dir='ltr'>et</span> <span class='ocrx_word' id='word_1_330' title='bbox 989 3680 1127 3757; x_wconf 75' lang='lat' dir='ltr'>cogitate,</span> <span class='ocrx_word' id='word_1_331' title='bbox 1141 3699 1192 3741; x_wconf 63' lang='lat' dir='ltr'>ach</span> 
     </span>
     <span class='ocr_line' id='line_1_38' title="bbox 96 3765 1191 3846; baseline -0.004 -12"><span class='ocrx_word' id='word_1_332' title='bbox 96 3765 279 3834; x_wconf 71' lang='lat' dir='ltr'>cusationem</span> <span class='ocrx_word' id='word_1_333' title='bbox 293 3787 370 3828; x_wconf 85' lang='lat' dir='ltr'>nunc</span> <span class='ocrx_word' id='word_1_334' title='bbox 384 3767 582 3846; x_wconf 83' lang='lat' dir='ltr'>da&#39;exigendo</span> <span class='ocrx_word' id='word_1_335' title='bbox 601 3767 709 3827; x_wconf 88' lang='lat' dir='ltr'>tributo</span> <span class='ocrx_word' id='word_1_336' title='bbox 721 3771 793 3828; x_wconf 88' lang='lat' dir='ltr'>&#39;non</span> <span class='ocrx_word' id='word_1_337' title='bbox 811 3784 879 3828; x_wconf 88' lang='lat' dir='ltr'>esse</span> <span class='ocrx_word' id='word_1_338' title='bbox 891 3768 1067 3830; x_wconf 81' lang='lat' dir='ltr'>institutam:</span> <span class='ocrx_word' id='word_1_339' title='bbox 1089 3771 1143 3832; x_wconf 85' lang='lat' dir='ltr'>sed</span> <span class='ocrx_word' id='word_1_340' title='bbox 1152 3772 1191 3830; x_wconf 89' lang='lat' dir='ltr'>de</span> 
     </span>
     <span class='ocr_line' id='line_1_39' title="bbox 98 3858 897 3938; baseline -0.005 -14"><span class='ocrx_word' id='word_1_341' title='bbox 98 3883 147 3936; x_wconf 77' lang='lat' dir='ltr'>eo,</span> <span class='ocrx_word' id='word_1_342' title='bbox 159 3873 256 3922; x_wconf 88' lang='lat' dir='ltr'>utrum</span> <span class='ocrx_word' id='word_1_343' title='bbox 270 3861 368 3938; x_wconf 87' lang='lat' dir='ltr'>legum</span> <span class='ocrx_word' id='word_1_344' title='bbox 380 3858 521 3918; x_wconf 81' lang='lat' dir='ltr'>inviolate</span> <span class='ocrx_word' id='word_1_345' title='bbox 533 3877 599 3918; x_wconf 86' lang='lat' dir='ltr'>esse</span> <span class='ocrx_word' id='word_1_346' title='bbox 609 3858 716 3918; x_wconf 81' lang='lat' dir='ltr'>debent</span> <span class='ocrx_word' id='word_1_347' title='bbox 727 3860 897 3920; x_wconf 75' lang='lat' dir='ltr'>auctoritas.</span> 
     </span>
    </p>

    <p class='ocr_par' dir='ltr' id='par_1_10' title="bbox 98 3949 1191 4399">
     <span class='ocr_line' id='line_1_40' title="bbox 143 3949 1190 4029; baseline -0.005 -15"><span class='ocrx_word' id='word_1_348' title='bbox 143 3959 189 4014; x_wconf 82' lang='lat'>15.</span> <span class='ocrx_word' id='word_1_349' title='bbox 210 3951 306 4012; x_wconf 73' lang='lat' dir='ltr'>Aede</span> <span class='ocrx_word' id='word_1_350' title='bbox 319 3950 364 4010; x_wconf 88' lang='lat' dir='ltr'>bis</span> <span class='ocrx_word' id='word_1_351' title='bbox 376 3949 505 4029; x_wconf 89' lang='lat' dir='ltr'>quidem,</span> <span class='ocrx_word' id='word_1_352' title='bbox 518 3967 577 4028; x_wconf 87' lang='lat' dir='ltr'>quo</span> <span class='ocrx_word' id='word_1_353' title='bbox 587 3957 673 4028; x_wconf 81' lang='lat' dir='ltr'>pacto</span> <span class='ocrx_word' id='word_1_354' title='bbox 687 3969 741 4010; x_wconf 82' lang='lat' dir='ltr'>ros</span> <span class='ocrx_word' id='word_1_355' title='bbox 754 3971 773 4010; x_wconf 83' lang='lat' dir='ltr'>a</span> <span class='ocrx_word' id='word_1_356' title='bbox 785 3951 852 4029; x_wconf 82' lang='lat' dir='ltr'>lege</span> <span class='ocrx_word' id='word_1_357' title='bbox 863 3951 1039 4011; x_wconf 80' lang='lat' dir='ltr'>abducendo</span> <span class='ocrx_word' id='word_1_358' title='bbox 1056 3950 1190 4029; x_wconf 78' lang='lat' dir='ltr'>decipere</span> 
     </span>
     <span class='ocr_line' id='line_1_41' title="bbox 98 4040 1190 4122; baseline -0.003 -15"><span class='ocrx_word' id='word_1_359' title='bbox 98 4049 138 4107; x_wconf 88' lang='lat' dir='ltr'>sit</span> <span class='ocrx_word' id='word_1_360' title='bbox 150 4055 319 4114; x_wconf 69' lang='lat' dir='ltr'>conaturus,</span> <span class='ocrx_word' id='word_1_361' title='bbox 333 4041 445 4120; x_wconf 89' lang='lat' dir='ltr'>etquid</span> <span class='ocrx_word' id='word_1_362' title='bbox 458 4041 500 4100; x_wconf 89' lang='lat' dir='ltr'>ad</span> <span class='ocrx_word' id='word_1_363' title='bbox 511 4041 575 4120; x_wconf 85' lang='lat' dir='ltr'>ejus</span> <span class='ocrx_word' id='word_1_364' title='bbox 588 4040 787 4102; x_wconf 76' lang='lat' dir='ltr'>cavillationes</span> <span class='ocrx_word' id='word_1_365' title='bbox 799 4041 996 4121; x_wconf 85' lang='lat' dir='ltr'>repudiandas</span> <span class='ocrx_word' id='word_1_366' title='bbox 1008 4042 1040 4098; x_wconf 84' lang='lat' dir='ltr'>in</span> <span class='ocrx_word' id='word_1_367' title='bbox 1053 4055 1190 4122; x_wconf 83' lang='lat' dir='ltr'>promptu</span> 
     </span>
     <span class='ocr_line' id='line_1_42' title="bbox 99 4133 1191 4212; baseline -0.001 -16"><span class='ocrx_word' id='word_1_368' title='bbox 99 4155 151 4198; x_wconf 82' lang='lat' dir='ltr'>voe</span> <span class='ocrx_word' id='word_1_369' title='bbox 164 4135 270 4194; x_wconf 85' lang='lat' dir='ltr'>habere</span> <span class='ocrx_word' id='word_1_370' title='bbox 282 4141 425 4212; x_wconf 85' lang='lat' dir='ltr'>oporteat,</span> <span class='ocrx_word' id='word_1_371' title='bbox 436 4151 503 4191; x_wconf 91' lang='lat' dir='ltr'>cum</span> <span class='ocrx_word' id='word_1_372' title='bbox 516 4133 610 4192; x_wconf 89' lang='lat' dir='ltr'>multo</span> <span class='ocrx_word' id='word_1_373' title='bbox 622 4133 706 4212; x_wconf 83' lang='lat' dir='ltr'>plura</span> <span class='ocrx_word' id='word_1_374' title='bbox 714 4135 803 4194; x_wconf 76' lang='lat' dir='ltr'>etiam</span> <span class='ocrx_word' id='word_1_375' title='bbox 811 4133 918 4191; x_wconf 76' lang='lat' dir='ltr'>referre</span> <span class='ocrx_word' id='word_1_376' title='bbox 927 4134 1057 4210; x_wconf 80' lang='lat' dir='ltr'>poesern,</span> <span class='ocrx_word' id='word_1_377' title='bbox 1069 4133 1150 4209; x_wconf 89' lang='lat' dir='ltr'>qnod</span> <span class='ocrx_word' id='word_1_378' title='bbox 1160 4145 1191 4195; x_wconf 89' lang='lat' dir='ltr'>et</span> 
     </span>
     <span class='ocr_line' id='line_1_43' title="bbox 98 4223 1191 4302; baseline -0.001 -15"><span class='ocrx_word' id='word_1_379' title='bbox 98 4231 164 4288; x_wconf 82' lang='lat' dir='ltr'>benc</span> <span class='ocrx_word' id='word_1_380' title='bbox 177 4225 311 4286; x_wconf 82' lang='lat' dir='ltr'>sufficere</span> <span class='ocrx_word' id='word_1_381' title='bbox 325 4225 457 4294; x_wconf 80' lang='lat' dir='ltr'>arbitror,</span> <span class='ocrx_word' id='word_1_382' title='bbox 471 4233 567 4282; x_wconf 85' lang='lat' dir='ltr'>cetere</span> <span class='ocrx_word' id='word_1_383' title='bbox 580 4225 817 4302; x_wconf 74' lang='lat' dir='ltr'>pretermittam:</span> <span class='ocrx_word' id='word_1_384' title='bbox 836 4223 978 4299; x_wconf 79' lang='lat' dir='ltr'>inquiram</span> <span class='ocrx_word' id='word_1_385' title='bbox 991 4231 1091 4280; x_wconf 82' lang='lat' dir='ltr'>eutem</span> <span class='ocrx_word' id='word_1_386' title='bbox 1110 4231 1142 4282; x_wconf 88' lang='lat' dir='ltr'>et</span> <span class='ocrx_word' id='word_1_387' title='bbox 1159 4226 1191 4286; x_wconf 91' lang='lat' dir='ltr'>in</span> 
     </span>
     <span class='ocr_line' id='line_1_44' title="bbox 98 4311 1190 4399; baseline -0.001 -21"><span class='ocrx_word' id='word_1_388' title='bbox 98 4317 231 4399; x_wconf 76' lang='lat' dir='ltr'>publicas·</span> <span class='ocrx_word' id='word_1_389' title='bbox 250 4315 333 4374; x_wconf 84' lang='lat' dir='ltr'>istius</span> <span class='ocrx_word' id='word_1_390' title='bbox 352 4314 422 4373; x_wconf 90' lang='lat' dir='ltr'>boni</span> <span class='ocrx_word' id='word_1_391' title='bbox 442 4315 480 4388; x_wconf 87' lang='lat' dir='ltr'>(si</span> <span class='ocrx_word' id='word_1_392' title='bbox 500 4314 556 4372; x_wconf 87' lang='lat' dir='ltr'>diis</span> <span class='ocrx_word' id='word_1_393' title='bbox 575 4315 684 4391; x_wconf 80' lang='lat' dir='ltr'>plecet)</span> <span class='ocrx_word' id='word_1_394' title='bbox 705 4316 758 4373; x_wconf 84' lang='lat' dir='ltr'>uiri</span> <span class='ocrx_word' id='word_1_395' title='bbox 778 4312 926 4374; x_wconf 80' lang='lat' dir='ltr'>acb&#39;ones:</span> <span class='ocrx_word' id='word_1_396' title='bbox 946 4311 977 4370; x_wconf 92' lang='lat' dir='ltr'>in</span> <span class='ocrx_word' id='word_1_397' title='bbox 997 4314 1103 4391; x_wconf 88' lang='lat' dir='ltr'>quibus</span> <span class='ocrx_word' id='word_1_398' title='bbox 1120 4317 1190 4378; x_wconf 88' lang='lat' dir='ltr'>nul·</span> 
     </span>
    </p>
   </div>
   <div class='ocr_carea' id='block_1_9' title="bbox 98 4403 1312 4483">
    <p class='ocr_par' dir='ltr' id='par_1_11' title="bbox 98 4403 1312 4483">
     <span class='ocr_line' id='line_1_45' title="bbox 98 4403 1312 4483; baseline -0.001 -14"><span class='ocrx_word' id='word_1_399' title='bbox 98 4412 160 4469; x_wconf 89' lang='lat' dir='ltr'>lum</span> <span class='ocrx_word' id='word_1_400' title='bbox 174 4413 243 4466; x_wconf 85' lang='lat' dir='ltr'>&#39;non</span> <span class='ocrx_word' id='word_1_401' title='bbox 270 4404 449 4465; x_wconf 87' lang='lat' dir='ltr'>crudelitatis</span> <span class='ocrx_word' id='word_1_402' title='bbox 477 4425 570 4482; x_wconf 87' lang='lat' dir='ltr'>genus</span> <span class='ocrx_word' id='word_1_403' title='bbox 597 4407 737 4466; x_wconf 84' lang='lat' dir='ltr'>exercuit.</span> <span class='ocrx_word' id='word_1_404' title='bbox 778 4405 856 4464; x_wconf 84' lang='lat' dir='ltr'>Nam</span> <span class='ocrx_word' id='word_1_405' title='bbox 879 4413 911 4464; x_wconf 90' lang='lat' dir='ltr'>et</span> <span class='ocrx_word' id='word_1_406' title='bbox 930 4403 1137 4483; x_wconf 85' lang='lat' dir='ltr'>impudentem,</span> <span class='ocrx_word' id='word_1_407' title='bbox 1157 4423 1190 4471; x_wconf 80' lang='lat' dir='ltr'>et</span> <span class='ocrx_word' id='word_1_408' title='bbox 1306 4409 1312 4418; x_wconf 92' lang='lat'>&#39;</span> 
     </span>
    </p>
   </div>
   <div class='ocr_carea' id='block_1_10' title="bbox 99 4495 1187 4578">
    <p class='ocr_par' dir='ltr' id='par_1_12' title="bbox 99 4495 1187 4578">
     <span class='ocr_line' id='line_1_46' title="bbox 99 4495 1187 4578; baseline 0 -16"><span class='ocrx_word' id='word_1_409' title='bbox 99 4501 251 4572; x_wconf 78' lang='lat' dir='ltr'>audacem,</span> <span class='ocrx_word' id='word_1_410' title='bbox 265 4508 296 4558; x_wconf 87' lang='lat' dir='ltr'>et</span> <span class='ocrx_word' id='word_1_411' title='bbox 309 4496 518 4576; x_wconf 80' lang='lat' dir='ltr'>peculatorem,</span> <span class='ocrx_word' id='word_1_412' title='bbox 532 4507 563 4556; x_wconf 85' lang='lat' dir='ltr'>et</span> <span class='ocrx_word' id='word_1_413' title='bbox 577 4497 744 4574; x_wconf 84' lang='lat' dir='ltr'>superbum,</span> <span class='ocrx_word' id='word_1_414' title='bbox 758 4505 790 4554; x_wconf 87' lang='lat' dir='ltr'>et</span> <span class='ocrx_word' id='word_1_415' title='bbox 804 4495 841 4554; x_wconf 84' lang='lat' dir='ltr'>ad</span> <span class='ocrx_word' id='word_1_416' title='bbox 854 4495 971 4572; x_wconf 77' lang='lat' dir='ltr'>quidvis</span> <span class='ocrx_word' id='word_1_417' title='bbox 983 4499 1081 4578; x_wconf 88' lang='lat' dir='ltr'>potius</span> <span class='ocrx_word' id='word_1_418' title='bbox 1099 4517 1187 4578; x_wconf 84' lang='lat' dir='ltr'>qnam</span> 
     </span>
    </p>
   </div>
   <div class='ocr_carea' id='block_1_11' title="bbox 0 0 1472 5000">
    <p class='ocr_par' dir='ltr' id='par_1_13' title="bbox 0 0 1472 5000">
     <span class='ocr_line' id='line_1_47' title="bbox 0 0 1472 5000; baseline 0 0"><span class='ocrx_word' id='word_1_419' title='bbox 0 0 1472 5000; x_wconf 95' lang='lat' dir='ltr'> </span> 
     </span>
    </p>
   </div>
   <div class='ocr_carea' id='block_1_12' title="bbox 1379 4862 1458 4966">
    <p class='ocr_par' dir='ltr' id='par_1_14' title="bbox 1350 4264 1458 4966">
     <span class='ocr_line' id='line_1_48' title="bbox 1379 4862 1458 4966; baseline 0 0"><span class='ocrx_word' id='word_1_420' title='bbox 1379 4862 1458 4966; x_wconf 21' lang='grc' dir='ltr'><em>Α</em></span> 
     </span>
    </p>
   </div>
  </div>
 </body>
</html>
