2934 5000
527 319 585 382 DE
605 317 792 381 CORONA.
1144 321 1198 381 16⁷

118 467 195 527 olm
203 469 340 528 aruerit
368 470 561 552 Portenquem
574 493 644 533 vero
655 474 743 532 tedio
755 470 825 530 belli
836 470 995 542 conlector,
1009 491 1111 552 graver
1124 483 1199 546 tom,

120 577 199 618 nuuc
211 559 339 620 hletae·
349 561 505 624 'lhehunor
525 563 707 643 perepicuum
725 571 807 622 erret
818 561 951 622 omnibus
965 575 1082 648 corotm
1094 565 1156 626 lore
1168 575 1203 626 nt

119 649 158 709 ud
167 669 221 710 ror
231 652 430 732 confugerent,
444 653 607 736 Philippus,
619 656 650 714 id
664 665 744 714 utne
756 653 838 713 deret
851 671 924 714 neve
937 643 1067 714 civitatee
1080 657 1202 736 conjun·
1275 715 1278 722 ,

118 751 265 818 gerentur,
278 745 362 804 vobio
379 765 491 824 ponem,
504 746 561 807 illia
573 747 709 807 auxilium
722 743 885 824 pollicetur.
917 744 991 812 Qum
1004 765 1051 805 rea
1070 747 1158 826 igitur
1175 749 1203 806 ei

118 831 286 911 adjumento
297 835 354 896 luit
365 847 400 896 ut
411 857 463 896 ror
475 855 551 916 peno
563 837 659 896 dicam
673 837 751 897 ultro
765 836 905 916 deceptor
918 835 1119 916 interciperet?
1141 837 1202 899 Re-

116 921 260 1002 liquorum
280 925 550 1011 Groeoomm-aive
569 947 607 988 οο
626 929 737 988 malitia
757 928 817 987 rive
834 928 996 1007 ignorantia
1015 919 1145 989 dicenda
1158 939 1205 990 eat

117 1017 179 1078 rive
191 1028 322 1098 utraque,
335 1021 395 1099 qui,
403 1030 472 1081 cum
485 1019 633 1081 erriduum
647 1038 683 1079 ac
696 1020 862 1079 diuturnum
875 1018 984 1080 bellum
998 1020 1143 1098 gereretis,
1159 1021 1204 1080 id·

117 1127 177 1186 que
190 1129 244 1188 pro
264 1113 411 1173 communi
424 1114 554 1172 omnium
568 1111 701 1181 utilitate,
714 1109 959 1189 quemadmodum
971 1131 1018 1170 rea
1030 1113 1095 1190 ipsa
1107 1113 1204 1174 decio·

117 1199 204 1273 ravit,
218 1221 313 1281 neque
324 1206 452 1283 pecunie
461 1222 560 1284 neque
577 1203 646 1262 virir
658 1221 752 1280 neque
765 1221 796 1260 re
811 1199 870 1260 ulle
882 1203 999 1261 omnino
1018 1202 1075 1264 alio
1088 1225 1138 1264 roe
1152 1205 1205 1265 ad·

113 1289 271 1368 juverunt:
290 1295 397 1373 quihus
406 1298 474 1377 jure
487 1315 541 1356 vor
554 1294 713 1372 meritoque
726 1291 868 1371 indignati
882 1291 1017 1372 Philippo
1029 1294 1109 1355 haud
1124 1297 1206 1378 inriti

118 1385 341 1446 aurculravirda

162 1478 192 1532 8.
213 1475 257 1534 Eu
265 1475 353 1554 igitur
365 1499 431 1557 quor
439 1489 502 1540 tum
514 1497 657 1540 concesso
669 1478 725 1536 fuit
738 1475 871 1555 Philippo
885 1495 942 1554 pax
956 1474 1036 1560 hince
1049 1477 1086 1536 de
1099 1481 1207 1552 caurio,

119 1580 181 1624 non
193 1585 269 1640 mea,
286 1571 432 1648 quomodo
445 1570 499 1631 loto
516 1571 700 1643 insimulavit,
722 1587 811 1650 opera
830 1566 984 1628 conciliate
1003 1576 1066 1627 ert:
1087 1568 1206 1629 irtornm

119 1668 218 1720 autem
232 1658 350 1740 injuriae
360 1663 552 1743 cordidoaque
564 1675 695 1742 qurertur
709 1661 828 1722 incure
841 1661 982 1718 institutor
994 1657 1094 1718 hurum
1108 1663 1208 1722 turha·

118 1769 183 1808 rum
197 1751 227 1810 in
239 1753 344 1830 quibne
356 1773 436 1815 nuno
450 1771 612 1826 versemur,
628 1756 652 1815 ri
671 1755 736 1833 quia
750 1761 829 1814 recte
843 1751 1007 1828 investiget,
1023 1769 1128 1812 cruror
1142 1773 1209 1814 caro

117 1839 326 1921 deprehendet.
356 1848 453 1925 Atque
474 1849 539 1908 hmo
553 1847 650 1908 omnia
667 1845 796 1906 veritotis
810 1852 915 1902 tortum
929 1842 1025 1902 rtudio
1045 1844 1210 1905 occumtlur

118 1951 276 2014 porroquor
287 1947 319 1997 et
328 1957 442 1998 enarro.
467 1939 544 2000 Nam
558 1941 584 2001 ri
593 1941 689 2019 quain
702 1937 748 1998 hie
759 1939 845 1997 robur
859 1935 904 1994 vel
919 1935 1042 1994 maxime
1056 1936 1211 1997 videantur

118 2045 186 2086 eoae
201 2039 334 2106 peccata,
348 2051 385 2096 ea
395 2031 465 2090 nihil
479 2033 517 2090 ad
530 2053 577 2093 me
593 2034 694 2111 utique
713 2032 876 2110 pertinent:
896 2029 965 2104 quin
986 2027 1009 2086 ia
1031 2029 1081 2106 qui
1097 2027 1207 2106 primur

120 2121 295 2179 mumdum
311 2121 385 2180 dixit
404 2131 435 2179 et
453 2117 631 2182 mentionem
651 2123 689 2182 de
707 2121 869 2202 prcoleoit
889 2119 1088 2180 Aristodemur
1107 2121 1210 2183 histrio

120 2207 189 2281 t‘uic
208 2209 259 2288 qui
270 2210 352 2270 illum
364 2212 497 2290 rureepit
515 2222 547 2274 et
559 2215 696 2272 decretum
707 2213 824 2290 acriprit
834 2221 866 2270 et
878 2229 945 2270 cum
958 2212 1016 2269 irto
1035 2231 1117 2272 ruam
1137 2231 1209 2292 ope-

122 2317 186 2359 rnm
198 2301 229 2360 in
247 2321 313 2362 eam
333 2321 395 2363 rem
412 2304 520 2364 loonrit
539 2298 719 2364 Philocrates
737 2302 794 2362 luit
804 2301 964 2380 rigaudus,
984 2312 1053 2360 tuus
1074 2302 1212 2362 AEechine

119 2391 278 2473 particeps,
294 2411 354 2453 non
374 2413 468 2466 meur,
487 2413 546 2454 non
567 2396 592 2454 ai
613 2392 781 2455 mentiendo
802 2390 1008 2471 dirrumpnriu;
1030 2391 1092 2470 ejur
1111 2401 1209 2454 eutero
1237 2463 1242 2470 ¹

121 2485 275 2546 cententio
288 2486 493 2568 suffragatores
503 2487 622 2548 luerunt
641 2505 814 2567 quacunque
835 2485 949 2545 demum
971 2484 1009 2543 de
1027 2483 1211 2547 cauae-hoo

121 2576 199 2636 enim
207 2577 239 2636 in
247 2598 376 2657 proerenr
381 2580 658 2641 omitto-»Eubulus
664 2590 695 2641 et
702 2578 916 2658 Gephioophon,
926 2594 1057 2655 egovero
1066 2570 1210 2657 nuoquam

122 2668 287 2748 quiequam
301 2672 340 2733 Et
351 2683 459 2747 tamen,
471 2692 538 2733 com
552 2672 617 2733 haec
629 2673 671 2733 ite
682 2692 715 2732 ae
727 2672 854 2731 haheent
868 2681 898 2731 et
910 2671 947 2729 nb
960 2670 1024 2748 ipra
1036 2669 1123 2729 etlam
1136 2672 1212 2731 veri·

122 2769 184 2819 tate
196 2763 238 2820 ita
249 2782 317 2822 eane
334 2765 579 2836 demonstrentur,
592 2784 686 2843 usque
698 2784 734 2824 eo
746 2764 826 2823 venit
845 2761 1044 2842 impudentiae,
1067 2772 1099 2821 ut
1119 2780 1209 2823 nurus

122 2851 163 2910 rit
179 2851 328 2924 affirmare,
341 2874 459 2915 menon
482 2856 568 2915 modo
587 2857 669 2934 pnoir
688 2857 779 2914 luisse
795 2847 954 2925 auctorem,
975 2846 1079 2913 sedne
1098 2872 1134 2913 ea
1145 2842 1211 2932 ipra

124 2961 182 3021 pax
201 2962 221 3004 r
238 2954 338 3005 norm
348 2946 464 3006 oritate
483 2966 622 3007 unacum
641 2948 789 3005 communi
803 2948 973 3006 Groecorum
986 2945 1108 3005 concilio
1127 2946 1231 3006 fleret·

42 3084 49 3102 ,
123 3035 279 3095 ohrtitirae.
300 3037 340 3096 At
352 3056 470 3115 o-quo
487 3049 518 3096 te
533 3038 598 3115 quia
611 3037 727 3096 nomine
740 3047 818 3095 recte
832 3036 979 3115 appellet?
998 3047 1069 3097 tune
1086 3056 1209 3117 uuquam

123 3128 174 3206 qui
186 3128 317 3199 aduren
331 3148 398 3188 oum
418 3147 465 3187 me
476 3138 588 3188 notam
600 3146 662 3187 rem
682 3139 851 3205 tantamque
872 3130 1051 3201 societatem,
1071 3140 1210 3208 quantum

123 3218 216 3279 modo
234 3220 352 3297 quidem
363 3220 477 3299 tragica
492 3238 566 3284 voce
584 3221 830 3279 commemorabas
841 3230 872 3279 et
885 3221 1089 3299 perterrebar,
1103 3222 1211 3283 civitati

125 3303 279 3373 detr’nhere
290 3310 413 3384 viderer,
426 3320 491 3369 tune
503 3330 615 3388 urquorr
624 3311 791 3389 indignetur
805 3332 838 3371 cs
850 3322 881 3371 et
893 3312 923 3369 ln
935 3310 1064 3369 medium
1077 3330 1211 3390 progres-

124 3424 178 3465 our
190 3422 236 3477 ea,
248 3424 317 3482 qum
329 3423 409 3463 nono
421 3403 529 3482 arguis,
542 3402 669 3463 docmati
686 3414 737 3463 aut
751 3403 910 3463 enmnrtil
931 3402 1025 3481 Atqui
1039 3403 1063 3463 ri
1077 3414 1111 3463 ut
1122 3404 1210 3466 inter·

125 3496 268 3557 cludatur.
280 3494 416 3555 irtacum
429 3494 542 3555 Grrecie
555 3494 720 3554 commuuio
733 3493 868 3572 Philippo
880 3512 937 3572 ego
952 3514 1060 3571 operum
1072 3497 1209 3559 vendide-

124 3608 197 3659 run,
209 3586 339 3647 tihierat
350 3586 494 3667 reliquum
512 3586 659 3647 ridentium
678 3596 714 3645 ut
729 3604 769 3645 ne
783 3604 894 3664 agerer,
908 3586 1007 3646 redut
1026 3582 1166 3651 clamarer
1179 3600 1212 3651 ot

126 3678 322 3739 tertinrooium
335 3679 424 3738 ferrer
434 3688 465 3737 et
476 3678 559 3741 hicce
571 3696 634 3737 rem
646 3677 799 3737 indicerer.
834 3676 874 3737 tt
885 3686 916 3737 tu
936 3696 1084 3758 nunquam
1096 3680 1152 3743 hoc
1166 3682 1210 3741 le-

125 3772 199 3844 cirri,
212 3789 363 3848 nunquam
375 3790 440 3831 eam
454 3790 492 3831 ex
508 3780 539 3831 te
556 3788 660 3829 rocem
674 3769 826 3848 quiequam
847 3769 967 3831 audivit.
1007 3772 1095 3833 June:
1115 3790 1211 3851 neque

125 3863 201 3922 enim
219 3862 259 3923 ad
270 3862 348 3922 ullor
367 3863 483 3923 omnino
496 3862 667 3923 Grmcorum
687 3872 749 3922 turn
767 3863 855 3923 mirra
867 3874 928 3925 erat
939 3864 1056 3945 legatio,
1071 3864 1124 3924 red
1133 3864 1209 3941 jam·

125 3954 237 4015 dudum
248 3973 348 4017 eorum
361 3955 490 4015 omnium
502 3956 667 4017 voluntatea
679 3955 828 4035 putebant,
840 3976 932 4035 neque
947 3958 1002 4017 irre
1015 3956 1118 4016 rinoeni
1127 3954 1209 4033 quio-

126 4064 214 4124 quum
226 4046 271 4106 hir
283 4046 322 4107 de
334 4048 420 4106 rebur
439 4047 569 4126 protulit.
607 4046 753 4108 Praetereo
770 4066 839 4108 vero
852 4048 1010 4108 mendaciis
1022 4047 1076 4105 illir
1093 4062 1210 4125 rempu-

126 4135 236 4199 blicam
245 4139 384 4198 acerrime
393 4139 594 4201 calumnietur.
617 4140 695 4199 Nam
707 4141 733 4200 ri
749 4160 802 4200 vor
815 4139 900 4200 rimul
921 4138 1039 4197 Graecos
1051 4135 1089 4195 ad
1099 4136 1210 4199 bellum

129 4231 333 4304 accemehatie,
357 4230 443 4290 simul
465 4231 520 4313 ipai
533 4232 572 4292 ad
585 4232 752 4312 Philippum
764 4232 877 4311 legator
895 4230 932 4289 de
952 4248 1024 4309 pace
1042 4228 1209 4307 mittebatis,

131 4320 270 4399 Eurybnti
282 4320 406 4393 lacinus,
420 4342 480 4383 non
493 4324 666 4394 autciuituti
677 4334 783 4385 vertroe
801 4333 853 4383 aut
870 4320 937 4381 ririr
954 4320 1037 4381 bonu
1055 4332 1209 4384 conuenta·

129 4430 221 4475 neam
229 4432 289 4475 reru
300 4414 486 4494 prestitistir.
505 4416 614 4477 Verum
625 4415 740 4477 nonita
748 4433 781 4477 ue
793 4432 839 4475 rer
848 4412 967 4485 habent,
977 4430 1052 4487 non:
1072 4431 1209 4505 qnorrum
