2934 5000
434 647 887 736 DEMOSTHENIS,

396 789 838 914 autumares
885 832 916 912 1.

106 1089 108 1096 y
145 1017 175 1076 1.
196 1013 233 1074 Sr
255 1012 293 1076 de
313 1034 391 1076 nova
408 1016 506 1096 aliqua
524 1035 556 1077 re
577 1015 677 1078 dicere
697 1015 879 1096 propositum
891 1021 981 1087 esset,
995 1009 1204 1097 Athenienses,

107 1106 257 1167 continens
273 1129 325 1180 me,
339 1109 410 1167 dum
424 1107 541 1189 plurimi
562 1128 662 1168 eorum
677 1109 783 1188 quibus
797 1127 861 1168 mos
874 1117 922 1168 est
935 1105 1110 1168 sententiam
1121 1097 1207 1166 suam

106 1202 301 1278 aperuissent,
320 1201 344 1260 si
362 1201 433 1280 quid
446 1201 516 1262 mihi
531 1200 637 1262 abillis
652 1200 764 1262 dictum
773 1200 944 1280 placuisset,
961 1196 1146 1277 quievissem,
1160 1195 1208 1256 sin

28 1312 32 1316 ·
107 1291 213 1366 miuus,
226 1293 405 1374 tumetipse
421 1314 488 1372 quse
500 1293 595 1354 sentio
606 1301 727 1354 conatus
738 1312 834 1353 essem
844 1291 917 1355 sarit
936 1291 1077 1370 quoniam
1085 1308 1155 1350 vero
1165 1288 1208 1355 its

106 1384 223 1456 eccidit,
238 1385 391 1464 atquibus
405 1385 446 1445 illi
460 1385 498 1444 de
516 1387 604 1471 rebus
613 1385 676 1464 jam
697 1394 766 1446 ante
780 1402 982 1464 sepenumero
999 1382 1147 1452 dixerunt,
1160 1380 1208 1443 hoe

105 1495 187 1536 nunc
200 1478 231 1536 in
241 1478 480 1538 deliberationem
489 1489 640 1551 vocentur,
651 1476 774 1538 arbitror
783 1495 840 1547 me,
848 1474 982 1554 quamvis
991 1473 1103 1554 primus
1115 1472 1155 1532 ad
1163 1472 1210 1532 di·

103 1568 235 1628 cendum
249 1569 433 1639 surrexerim,
442 1569 510 1648 jure
521 1578 618 1629 minen
633 1568 749 1628 veniam
760 1577 915 1628 nacturum
928 1585 1007 1626 esse.
1028 1565 1062 1626 si
1072 1564 1150 1623 enim
1159 1583 1211 1622 su·

104 1659 212 1744 periuri
225 1669 356 1740 tempore
369 1670 530 1742 opportune
543 1660 593 1721 isti
607 1659 833 1736 consuluissent,
848 1658 920 1719 nihil
932 1678 984 1720 vos
998 1677 1078 1718 nunc
1091 1674 1211 1718 necesse

104 1762 184 1812 esset
197 1751 368 1812 deliberare.

146 1847 176 1904 2.
198 1843 327 1904 Primum
337 1845 434 1926 igitur,
449 1845 655 1918 Athenienses,
668 1863 729 1907 non
739 1853 787 1906 est
797 1845 837 1906 de
848 1842 1040 1926 presentibus
1056 1843 1160 1916 rebus,
1172 1861 1212 1902 ne

106 1937 132 1998 si
149 1937 336 1999 vehementer
353 1938 465 2000 afflictoe
486 1959 550 2000 esse
572 1939 736 2014 videantur,
756 1938 975 2020 desperandum
996 1935 1090 1996 robis.
1131 1933 1212 2021 liam

104 2031 186 2115 quod
199 2032 229 2090 in
243 2032 285 2092 eis
299 2049 335 2090 ex
348 2032 494 2110 praterito
508 2041 637 2111 tempore
652 2042 696 2092 est
718 2033 892 2112 pessimum,
906 2030 1048 2111 idipsum
1061 2028 1162 2090 estad
1174 2046 1212 2093 ea

106 2143 176 2202 quae
204 2133 318 2206 restant
344 2125 497 2202 optimum.
538 2123 620 2192 Quid
640 2124 728 2204 igitur
748 2123 807 2184 hoc
827 2126 893 2186 esti
934 2123 1044 2184 Vestra
1062 2121 1210 2205 nimirum,
1316 2167 1322 2176 .

106 2215 316 2288 Athenienses,
332 2213 442 2274 lactum
456 2234 521 2276 esse
535 2215 671 2276 socordia
683 2226 715 2276 et
729 2216 816 2276 officii
833 2215 982 2295 neglectu,
994 2225 1029 2274 ut
1042 2234 1088 2274 res
1100 2223 1212 2277 noemae

106 2308 168 2368 sint
179 2308 329 2378 adversm
350 2326 417 2366 nam
431 2307 467 2380 si,
481 2306 563 2366 vobis
576 2306 672 2366 omnia
684 2327 752 2386 quos
764 2307 863 2367 decuit
876 2308 1046 2386 agentibus,
1060 2326 1107 2366 res
1125 2306 1169 2366 ita
1178 2325 1213 2380 se

106 2403 307 2475 haberentue
321 2421 389 2482 spes
399 2401 517 2480 quidem
528 2401 640 2480 reliqua
653 2411 744 2476 esset,
758 2402 821 2462 fore
831 2419 881 2462 eas
895 2399 1051 2479 aliquando
1064 2399 1212 2465 meliores.

108 2495 227 2557 Deinde
240 2494 440 2575 cogitandum,
462 2493 492 2554 id
506 2493 586 2575 quod
601 2495 708 2575 partim
721 2514 760 2555 ex
778 2493 842 2555 aliis
855 2492 976 2567 auditis,
988 2491 1094 2571 partim
1107 2491 1164 2571 ipsi
1175 2511 1214 2553 ex
1247 2502 1250 2510 '

108 2590 250 2651 memoria
262 2597 358 2648 vestra
372 2587 464 2661 scitis,
478 2596 591 2667 quanta
611 2588 770 2668 aliquando
783 2586 915 2667 potentia
931 2584 1061 2664 praeditis
1073 2583 1213 2645 Lacedae·

109 2681 226 2753 moniis,
238 2680 327 2759 idque
346 2699 405 2739 non
426 2680 470 2740 ita
490 2680 570 2755 olim,
584 2700 671 2761 quam
689 2680 841 2759 praeclare,
855 2689 943 2757 atque
957 2687 992 2738 ut
1003 2671 1056 2737 ios
1072 2676 1213 2761 decebat,
1321 2666 1326 2676 “

109 2773 181 2835 nibil
198 2772 284 2853 hujus
303 2772 469 2853 reipublicae
488 2772 622 2851 dignitati
635 2772 762 2833 alienum
775 2770 944 2845 admisistis,
956 2789 1058 2829 verum
1074 2788 1128 2851 pro
1141 2790 1213 2830 cora·

109 2867 184 2927 aaut
199 2864 371 2925 Graecorum
381 2865 448 2945 jure
462 2863 572 2925 bellum
582 2876 684 2925 conus
693 2864 760 2925 illos
773 2862 965 2945 sustinuistis.
996 2862 1144 2931 Quorsum
1156 2862 1212 2942 igi·

109 2968 157 3017 tur
165 2956 232 3017 brec
241 2954 327 3017 dicol
350 2957 391 3015 Ut
400 2956 565 3037 perspicere
573 2956 702 3035 possitis,
716 2954 923 3027 Athenienses,
933 2965 1021 3033 atque
1030 2954 1214 3015 animadver-

111 3058 180 3125 tere,
195 3068 292 3129 neque
305 3049 537 3131 praecaventibus
556 3050 637 3110 vobis
657 3048 814 3128 quicquam
830 3067 897 3109 esse
910 3046 1101 3130 formidabile,
1114 3066 1214 3127 neque

112 3141 137 3219 si
150 3141 336 3221 negligentes
352 3140 424 3213 sitis,
438 3141 498 3203 tale
511 3138 582 3219 quid
596 3140 682 3219 quale
695 3160 749 3199 vos
762 3138 861 3214 vultis,
874 3148 1047 3199 eventurum
1064 3157 1140 3211 esse,
1159 3158 1214 3201 ex·
1253 3184 1261 3195 .

111 3234 216 3315 emplis
234 3242 359 3305 utentes,
377 3232 508 3312 potentia
527 3242 666 3311 questum
680 3226 1049 3301 fmtlacedoemouiomm,
1061 3249 1151 3309 quam
1163 3251 1213 3293 re·

111 3328 166 3389 bus
179 3326 285 3389 restris
305 3326 417 3385 amium
441 3326 615 3405 applicando
640 3325 812 3407 superestis,
832 3335 864 3387 et
880 3326 968 3406 hujus
987 3343 1054 3403 quoe
1071 3345 1150 3387 nuuc
1168 3336 1215 3389 est
1303 3326 1307 3335 ‘

111 3418 276 3491 insolentia,
286 3428 404 3500 propter
415 3436 503 3499 quam
516 3428 687 3491 aestuamus,
702 3418 833 3499 eoquod
844 3417 916 3479 nihil
933 3434 1036 3477 eomm
1047 3436 1113 3497 quae
1127 3437 1214 3501 upote

112 3516 168 3577 tuit
180 3513 357 3575 curavimus.
960 3579 964 3587 ,

151 3609 180 3667 3.
203 3604 294 3678 Quod
313 3605 338 3665 si
352 3601 418 3683 quis
431 3612 569 3677 restrum,
582 3602 787 3677 Athenienses,
801 3600 949 3667 difficilem
965 3625 1031 3669 esse
1042 3614 1215 3687 oppugnatu

113 3694 282 3779 Philippum
296 3697 459 3769 arbitretur,
473 3696 663 3757 considerans
677 3716 746 3759 cum
759 3696 975 3759 multitudinem
987 3702 1216 3781 copiarumque

114 3811 190 3853 nunc
204 3790 249 3850 illi
264 3798 443 3869 competunt,
458 3798 518 3848 tum
534 3788 632 3849 omnia
645 3788 782 3869 presidia
793 3789 858 3850 urbi
867 3801 977 3853 nostra
984 3793 1115 3873 periisse,
1132 3803 1213 3853 rects

112 3903 187 3967 sane¹
197 3882 367 3951 existiman
388 3880 467 3941 idem
481 3892 579 3941 tamen
592 3881 649 3941 boc
662 3881 782 3961 cogitet,
795 3882 886 3945 fuisse
900 3885 1058 3965 aliquando
1067 3887 1098 3947 in
1111 3895 1216 3946 nostm

113 3986 260 4057 potestate
275 3972 418 4055 Pydnam,
432 3972 605 4047 Potidoeam,
620 3973 802 4048 Methonam,
816 3986 847 4035 et
862 3996 980 4039 omnem
991 3978 1216 4059 illsmundique

109 4068 299 4149 adjacentem
309 4066 476 4145 regionem:
491 4064 631 4147 plurimas
641 4068 739 4145 etiam,
754 4088 895 4149 quacum
906 4071 956 4132 illo
967 4091 1046 4133 nune
1057 4081 1215 4153 suntgen·

116 4168 160 4221 tes
175 4158 236 4220 suis
249 4158 367 4239 legibus
378 4178 413 4218 ac
422 4158 529 4238 liberas
543 4158 659 4233 vixisse,
673 4151 815 4238 vobisque
828 4162 977 4235 maluisse,
985 4182 1073 4241 quam
1081 4162 1132 4238 illi,
1142 4158 1217 4225 ami·

115 4252 184 4315 citis
196 4251 346 4333 conjungi.
389 4251 421 4310 Si
434 4251 519 4333 igitur
531 4250 683 4331 Philippus
693 4252 724 4311 in
735 4254 792 4313 hac
802 4264 865 4314 tum
878 4255 1015 4334 opinione
1028 4254 1142 4331 suisset,
1160 4259 1217 4320 sibi

117 4342 231 4405 difficile
255 4364 321 4405 esse
343 4342 452 4403 bellurn
474 4363 573 4423 gerere
595 4364 662 4405 cum
677 4344 914 4419 Atheniensibus,
935 4347 985 4425 qui
1003 4358 1048 4409 tot
1067 4370 1151 4412 arcss
1177 4351 1217 4413 ad

116 4436 258 4497 ditionem
271 4456 354 4497 suam
365 4437 593 4523 oppugnandam
605 4437 760 4521 baberent,
775 4438 864 4500 sociis
871 4440 1025 4519 destituto,
1035 4444 1107 4507 nihil
1116 4464 1217 4507 eorum

116 4548 181 4609 quae
192 4548 273 4591 nunc
286 4528 365 4605 lecit,
383 4528 505 4609 egisset';
528 4549 623 4610 usque
637 4538 750 4591 tentam
763 4530 925 4612 potentiam
938 4527 1018 4597 esser
1028 4547 1218 4604 consecutus.

680 4641 699 4683 c
