<?xml version="1.0" encoding="UTF-8"?>
<!DOCTYPE html PUBLIC "-//W3C//DTD XHTML 1.0 Transitional//EN"
    "http://www.w3.org/TR/xhtml1/DTD/xhtml1-transitional.dtd">
<html xmlns="http://www.w3.org/1999/xhtml" xml:lang="en" lang="en">
 <head>
  <title>
</title>
<meta http-equiv="Content-Type" content="text/html;charset=utf-8" />
  <meta name='ocr-system' content='tesseract 3.04.00' />
  <meta name='ocr-capabilities' content='ocr_page ocr_carea ocr_par ocr_line ocrx_word'/>
</head>
<body>
  <div class='ocr_page' id='page_1' title='image "./demosthenisetsc09ulpigoog/demosthenisetsc09ulpigoog_0200.png"; bbox 0 0 2934 5000; ppageno 0'>
   <div class='ocr_carea' id='block_1_1' title="bbox 222 188 872 301">
    <p class='ocr_par' dir='ltr' id='par_1_1' title="bbox 222 188 872 301">
     <span class='ocr_line' id='line_1_1' title="bbox 222 188 872 301; baseline 0.023 -56"><span class='ocrx_word' id='word_1_1' title='bbox 222 188 280 247; x_wconf 82' lang='lat'>160</span> <span class='ocrx_word' id='word_1_2' title='bbox 301 233 305 236; x_wconf 47' lang='lat'><strong>&gt;</strong></span> <span class='ocrx_word' id='word_1_3' title='bbox 664 199 872 301; x_wconf 69' lang='lat' dir='ltr'>ANALYfflS.</span> 
     </span>
    </p>
   </div>
   <div class='ocr_carea' id='block_1_2' title="bbox 105 341 1317 4289">
    <p class='ocr_par' dir='ltr' id='par_1_2' title="bbox 105 341 1317 4289">
     <span class='ocr_line' id='line_1_2' title="bbox 221 341 1317 428; baseline 0.021 -34"><span class='ocrx_word' id='word_1_4' title='bbox 221 341 434 414; x_wconf 69' lang='lat' dir='ltr'>rium,hdeoque</span> <span class='ocrx_word' id='word_1_5' title='bbox 446 346 531 400; x_wconf 86' lang='lat' dir='ltr'>totins</span> <span class='ocrx_word' id='word_1_6' title='bbox 548 346 673 414; x_wconf 72' lang='lat' dir='ltr'>creans,</span> <span class='ocrx_word' id='word_1_7' title='bbox 684 354 776 417; x_wconf 68' lang='lat' dir='ltr'>gestas</span> <span class='ocrx_word' id='word_1_8' title='bbox 784 353 875 408; x_wconf 80' lang='lat' dir='ltr'>rlioere</span> <span class='ocrx_word' id='word_1_9' title='bbox 890 356 1052 425; x_wconf 66' lang='lat' dir='ltr'>aggreditur.</span> <span class='ocrx_word' id='word_1_10' title='bbox 1089 357 1169 414; x_wconf 79' lang='lat' dir='ltr'>Statu</span> <span class='ocrx_word' id='word_1_11' title='bbox 1181 361 1317 428; x_wconf 68' lang='lat' dir='ltr'>Grmeioe,</span> 
     </span>
     <span class='ocr_line' id='line_1_3' title="bbox 220 422 1316 510; baseline 0.023 -35"><span class='ocrx_word' id='word_1_12' title='bbox 220 422 309 491; x_wconf 87' lang='lat' dir='ltr'>qualis</span> <span class='ocrx_word' id='word_1_13' title='bbox 317 423 406 491; x_wconf 87' lang='lat' dir='ltr'>luerit,</span> <span class='ocrx_word' id='word_1_14' title='bbox 418 441 482 480; x_wconf 88' lang='lat' dir='ltr'>oum</span> <span class='ocrx_word' id='word_1_15' title='bbox 493 428 552 495; x_wconf 87' lang='lat' dir='ltr'>ipse</span> <span class='ocrx_word' id='word_1_16' title='bbox 561 429 597 482; x_wconf 83' lang='lat' dir='ltr'>ed</span> <span class='ocrx_word' id='word_1_17' title='bbox 605 429 793 496; x_wconf 67' lang='lat' dir='ltr'>gubernacula</span> <span class='ocrx_word' id='word_1_18' title='bbox 801 433 959 504; x_wconf 82' lang='lat' dir='ltr'>reipubliese</span> <span class='ocrx_word' id='word_1_19' title='bbox 970 439 1123 506; x_wconf 70' lang='lat' dir='ltr'>medeor,</span> <span class='ocrx_word' id='word_1_20' title='bbox 1134 443 1269 510; x_wconf 82' lang='lat' dir='ltr'>exposito,</span> <span class='ocrx_word' id='word_1_21' title='bbox 1277 451 1316 500; x_wconf 78' lang='lat' dir='ltr'>ut</span> 
     </span>
     <span class='ocr_line' id='line_1_4' title="bbox 220 504 1313 588; baseline 0.023 -32"><span class='ocrx_word' id='word_1_22' title='bbox 220 504 338 574; x_wconf 87' lang='lat' dir='ltr'>Philippi</span> <span class='ocrx_word' id='word_1_23' title='bbox 346 506 467 560; x_wconf 87' lang='lat' dir='ltr'>consiliis</span> <span class='ocrx_word' id='word_1_24' title='bbox 472 509 546 562; x_wconf 87' lang='lat' dir='ltr'>omni</span> <span class='ocrx_word' id='word_1_25' title='bbox 554 527 607 578; x_wconf 87' lang='lat' dir='ltr'>ope</span> <span class='ocrx_word' id='word_1_26' title='bbox 615 512 769 582; x_wconf 84' lang='lat' dir='ltr'>viriumque</span> <span class='ocrx_word' id='word_1_27' title='bbox 783 516 957 572; x_wconf 82' lang='lat' dir='ltr'>contentione</span> <span class='ocrx_word' id='word_1_28' title='bbox 967 519 1130 588; x_wconf 78' lang='lat' dir='ltr'>meisterent,</span> <span class='ocrx_word' id='word_1_29' title='bbox 1143 539 1203 578; x_wconf 86' lang='lat' dir='ltr'>sesa</span> <span class='ocrx_word' id='word_1_30' title='bbox 1213 526 1313 580; x_wconf 80' lang='lat' dir='ltr'>cirita-</span> 
     </span>
     <span class='ocr_line' id='line_1_5' title="bbox 219 583 1308 672; baseline 0.025 -36"><span class='ocrx_word' id='word_1_31' title='bbox 219 583 255 636; x_wconf 86' lang='lat' dir='ltr'>tis</span> <span class='ocrx_word' id='word_1_32' title='bbox 263 589 291 638; x_wconf 91' lang='lat' dir='ltr'>et</span> <span class='ocrx_word' id='word_1_33' title='bbox 301 587 427 653; x_wconf 71' lang='lat' dir='ltr'>dignitati</span> <span class='ocrx_word' id='word_1_34' title='bbox 437 592 466 641; x_wconf 89' lang='lat' dir='ltr'>et</span> <span class='ocrx_word' id='word_1_35' title='bbox 476 589 559 647; x_wconf 82' lang='lat' dir='ltr'>aelati</span> <span class='ocrx_word' id='word_1_36' title='bbox 569 593 763 650; x_wconf 77' lang='lat' dir='ltr'>convenienter</span> <span class='ocrx_word' id='word_1_37' title='bbox 774 598 891 653; x_wconf 85' lang='lat' dir='ltr'>suasisse</span> <span class='ocrx_word' id='word_1_38' title='bbox 902 600 926 670; x_wconf 90' lang='lat'><strong>5.</strong></span> <span class='ocrx_word' id='word_1_39' title='bbox 936 605 972 656; x_wconf 75' lang='grc'>18</span> <span class='ocrx_word' id='word_1_40' title='bbox 982 602 1118 672; x_wconf 74' lang='lat' dir='ltr'>hn.-22.,</span> <span class='ocrx_word' id='word_1_41' title='bbox 1130 619 1182 659; x_wconf 91' lang='lat' dir='ltr'>neo</span> <span class='ocrx_word' id='word_1_42' title='bbox 1192 608 1247 660; x_wconf 88' lang='lat' dir='ltr'>suis</span> <span class='ocrx_word' id='word_1_43' title='bbox 1259 608 1308 663; x_wconf 83' lang='lat' dir='ltr'>de-</span> 
     </span>
     <span class='ocr_line' id='line_1_6' title="bbox 218 666 1307 758; baseline 0.027 -41"><span class='ocrx_word' id='word_1_44' title='bbox 218 666 307 728; x_wconf 84' lang='lat' dir='ltr'>cretis.</span> <span class='ocrx_word' id='word_1_45' title='bbox 320 669 368 720; x_wconf 90' lang='lat' dir='ltr'>sed</span> <span class='ocrx_word' id='word_1_46' title='bbox 378 669 497 739; x_wconf 87' lang='lat' dir='ltr'>Philippi</span> <span class='ocrx_word' id='word_1_47' title='bbox 508 672 665 728; x_wconf 86' lang='lat' dir='ltr'>dominandi</span> <span class='ocrx_word' id='word_1_48' title='bbox 677 675 781 731; x_wconf 77' lang='lat' dir='ltr'>libidini</span> <span class='ocrx_word' id='word_1_49' title='bbox 792 681 869 748; x_wconf 86' lang='lat' dir='ltr'>pacis</span> <span class='ocrx_word' id='word_1_50' title='bbox 876 684 971 736; x_wconf 86' lang='lat' dir='ltr'>solutae</span> <span class='ocrx_word' id='word_1_51' title='bbox 980 699 1091 739; x_wconf 74' lang='lat' dir='ltr'>cauum</span> <span class='ocrx_word' id='word_1_52' title='bbox 1099 700 1160 742; x_wconf 87' lang='lat' dir='ltr'>esse</span> <span class='ocrx_word' id='word_1_53' title='bbox 1166 687 1307 758; x_wconf 83' lang='lat' dir='ltr'>imponen-</span> 
     </span>
     <span class='ocr_line' id='line_1_7' title="bbox 219 745 1309 830; baseline 0.024 -31"><span class='ocrx_word' id='word_1_54' title='bbox 219 745 282 799; x_wconf 88' lang='lat' dir='ltr'>dam</span> <span class='ocrx_word' id='word_1_55' title='bbox 295 747 317 814; x_wconf 90' lang='lat'><strong>5.</strong></span> <span class='ocrx_word' id='word_1_56' title='bbox 329 751 372 802; x_wconf 75' lang='lat'>2³.</span> <span class='ocrx_word' id='word_1_57' title='bbox 384 765 449 803; x_wconf 90' lang='lat' dir='ltr'>cum</span> <span class='ocrx_word' id='word_1_58' title='bbox 459 751 571 820; x_wconf 84' lang='lat' dir='ltr'>planum</span> <span class='ocrx_word' id='word_1_59' title='bbox 585 754 712 823; x_wconf 70' lang='lat' dir='ltr'>lecissetp</span> <span class='ocrx_word' id='word_1_60' title='bbox 723 757 797 826; x_wconf 87' lang='lat' dir='ltr'>inde,</span> <span class='ocrx_word' id='word_1_61' title='bbox 809 760 920 816; x_wconf 84' lang='lat' dir='ltr'>Euboea</span> <span class='ocrx_word' id='word_1_62' title='bbox 931 763 1052 830; x_wconf 86' lang='lat' dir='ltr'>liberata,</span> <span class='ocrx_word' id='word_1_63' title='bbox 1063 783 1163 821; x_wconf 87' lang='lat' dir='ltr'>corona</span> <span class='ocrx_word' id='word_1_64' title='bbox 1174 785 1202 822; x_wconf 88' lang='lat' dir='ltr'>se</span> <span class='ocrx_word' id='word_1_65' title='bbox 1214 786 1231 823; x_wconf 84' lang='lat' dir='ltr'>a</span> <span class='ocrx_word' id='word_1_66' title='bbox 1241 770 1309 825; x_wconf 83' lang='lat' dir='ltr'>ciri-</span> 
     </span>
     <span class='ocr_line' id='line_1_8' title="bbox 217 829 1309 912; baseline 0.026 -32"><span class='ocrx_word' id='word_1_67' title='bbox 217 831 283 893; x_wconf 84' lang='lat' dir='ltr'>tate,</span> <span class='ocrx_word' id='word_1_68' title='bbox 294 829 318 896; x_wconf 89' lang='lat'><strong>5.</strong></span> <span class='ocrx_word' id='word_1_69' title='bbox 328 835 443 886; x_wconf 76' lang='lat' dir='ltr'>al-au.</span> <span class='ocrx_word' id='word_1_70' title='bbox 453 835 558 888; x_wconf 84' lang='lat' dir='ltr'>anxilio</span> <span class='ocrx_word' id='word_1_71' title='bbox 565 837 719 892; x_wconf 72' lang='lat' dir='ltr'>monadum</span> <span class='ocrx_word' id='word_1_72' title='bbox 728 839 895 900; x_wconf 85' lang='lat' dir='ltr'>deeretasua</span> <span class='ocrx_word' id='word_1_73' title='bbox 905 845 1043 912; x_wconf 75' lang='lat' dir='ltr'>Byzantiis</span> <span class='ocrx_word' id='word_1_74' title='bbox 1054 851 1083 902; x_wconf 88' lang='lat' dir='ltr'>et</span> <span class='ocrx_word' id='word_1_75' title='bbox 1093 847 1260 906; x_wconf 64' lang='lat' dir='ltr'>morionem</span> <span class='ocrx_word' id='word_1_76' title='bbox 1270 849 1309 908; x_wconf 84' lang='lat' dir='ltr'>li·</span> 
     </span>
     <span class='ocr_line' id='line_1_9' title="bbox 217 909 1307 1001; baseline 0.026 -41"><span class='ocrx_word' id='word_1_77' title='bbox 217 911 255 974; x_wconf 90' lang='lat' dir='ltr'>to,</span> <span class='ocrx_word' id='word_1_78' title='bbox 268 909 405 965; x_wconf 79' lang='lat' dir='ltr'>civitatens</span> <span class='ocrx_word' id='word_1_79' title='bbox 416 915 504 983; x_wconf 88' lang='lat' dir='ltr'>ipsam</span> <span class='ocrx_word' id='word_1_80' title='bbox 514 932 531 968; x_wconf 92' lang='lat' dir='ltr'>e</span> <span class='ocrx_word' id='word_1_81' title='bbox 543 920 656 972; x_wconf 84' lang='lat' dir='ltr'>servetis</span> <span class='ocrx_word' id='word_1_82' title='bbox 674 937 733 974; x_wconf 83' lang='lat' dir='ltr'>ease</span> <span class='ocrx_word' id='word_1_83' title='bbox 750 927 871 978; x_wconf 87' lang='lat' dir='ltr'>ornatam</span> <span class='ocrx_word' id='word_1_84' title='bbox 884 926 907 993; x_wconf 92' lang='lat'><strong>5.</strong></span> <span class='ocrx_word' id='word_1_85' title='bbox 923 929 966 979; x_wconf 73' lang='lat'>27.</span> <span class='ocrx_word' id='word_1_86' title='bbox 984 927 1219 1001; x_wconf 65' lang='lat' dir='ltr'>Atheniensesque</span> <span class='ocrx_word' id='word_1_87' title='bbox 1234 937 1307 986; x_wconf 74' lang='lat' dir='ltr'>ntro</span> 
     </span>
     <span class='ocr_line' id='line_1_10' title="bbox 216 995 1307 1084; baseline 0.027 -43"><span class='ocrx_word' id='word_1_88' title='bbox 216 1006 279 1059; x_wconf 91' lang='lat' dir='ltr'>qne,</span> <span class='ocrx_word' id='word_1_89' title='bbox 291 995 414 1062; x_wconf 80' lang='lat' dir='ltr'>quamvis</span> <span class='ocrx_word' id='word_1_90' title='bbox 431 1011 483 1050; x_wconf 84' lang='lat' dir='ltr'>aec</span> <span class='ocrx_word' id='word_1_91' title='bbox 493 997 668 1054; x_wconf 81' lang='lat' dir='ltr'>Eahoeerrses</span> <span class='ocrx_word' id='word_1_92' title='bbox 680 1017 732 1058; x_wconf 83' lang='lat' dir='ltr'>aee</span> <span class='ocrx_word' id='word_1_93' title='bbox 748 1004 873 1072; x_wconf 77' lang='lat' dir='ltr'>Byzantii</span> <span class='ocrx_word' id='word_1_94' title='bbox 892 1007 961 1062; x_wconf 83' lang='lat' dir='ltr'>hene</span> <span class='ocrx_word' id='word_1_95' title='bbox 971 1009 1078 1064; x_wconf 67' lang='lat' dir='ltr'>butam</span> <span class='ocrx_word' id='word_1_96' title='bbox 1094 1027 1144 1084; x_wconf 89' lang='lat' dir='ltr'>pm</span> <span class='ocrx_word' id='word_1_97' title='bbox 1158 1015 1307 1070; x_wconf 76' lang='lat' dir='ltr'>malefactis</span> 
     </span>
     <span class='ocr_line' id='line_1_11' title="bbox 215 1072 1305 1165; baseline 0.027 -42"><span class='ocrx_word' id='word_1_98' title='bbox 215 1072 272 1124; x_wconf 87' lang='lat' dir='ltr'>ruis</span> <span class='ocrx_word' id='word_1_99' title='bbox 281 1075 394 1140; x_wconf 74' lang='lat' dir='ltr'>qratiam</span> <span class='ocrx_word' id='word_1_100' title='bbox 407 1079 576 1145; x_wconf 85' lang='lat' dir='ltr'>meruissent,</span> <span class='ocrx_word' id='word_1_101' title='bbox 584 1084 666 1136; x_wconf 91' lang='lat' dir='ltr'>moris</span> <span class='ocrx_word' id='word_1_102' title='bbox 674 1084 778 1155; x_wconf 86' lang='lat' dir='ltr'>antiqui</span> <span class='ocrx_word' id='word_1_103' title='bbox 787 1103 919 1142; x_wconf 79' lang='lat' dir='ltr'>memores</span> <span class='ocrx_word' id='word_1_104' title='bbox 927 1090 1083 1159; x_wconf 85' lang='lat' dir='ltr'>reipublicae</span> <span class='ocrx_word' id='word_1_105' title='bbox 1090 1095 1239 1165; x_wconf 72' lang='lat' dir='ltr'>gloriasque</span> <span class='ocrx_word' id='word_1_106' title='bbox 1248 1113 1305 1152; x_wconf 75' lang='lat' dir='ltr'>sum</span> 
     </span>
     <span class='ocr_line' id='line_1_12' title="bbox 199 1151 1305 1242; baseline 0.026 -38"><span class='ocrx_word' id='word_1_107' title='bbox 199 1151 294 1220; x_wconf 75' lang='lat' dir='ltr'>&#39;juxta</span> <span class='ocrx_word' id='word_1_108' title='bbox 305 1157 472 1212; x_wconf 85' lang='lat' dir='ltr'>consuluisse</span> <span class='ocrx_word' id='word_1_109' title='bbox 490 1159 650 1232; x_wconf 69' lang='lat'><strong>528-29,</strong></span> <span class='ocrx_word' id='word_1_110' title='bbox 660 1177 862 1222; x_wconf 86' lang='lat' dir='ltr'>commemoret.</span> <span class='ocrx_word' id='word_1_111' title='bbox 898 1169 953 1224; x_wconf 88' lang='lat' dir='ltr'>His</span> <span class='ocrx_word' id='word_1_112' title='bbox 969 1172 1056 1238; x_wconf 88' lang='lat' dir='ltr'>factis,</span> <span class='ocrx_word' id='word_1_113' title='bbox 1065 1177 1192 1242; x_wconf 87' lang='lat' dir='ltr'>consiliis,</span> <span class='ocrx_word' id='word_1_114' title='bbox 1205 1180 1305 1238; x_wconf 85' lang='lat' dir='ltr'>meritis</span> 
     </span>
     <span class='ocr_line' id='line_1_13' title="bbox 214 1233 1306 1316; baseline 0.027 -29"><span class='ocrx_word' id='word_1_115' title='bbox 214 1233 243 1288; x_wconf 91' lang='lat' dir='ltr'>in</span> <span class='ocrx_word' id='word_1_116' title='bbox 251 1237 596 1311; x_wconf 75' lang='lat' dir='ltr'>rempublicamqnesmn</span> <span class='ocrx_word' id='word_1_117' title='bbox 603 1245 692 1300; x_wconf 90' lang='lat' dir='ltr'>laudis</span> <span class='ocrx_word' id='word_1_118' title='bbox 697 1247 732 1300; x_wconf 91' lang='lat' dir='ltr'>de</span> <span class='ocrx_word' id='word_1_119' title='bbox 740 1252 811 1304; x_wconf 86' lang='lat' dir='ltr'>stetu</span> <span class='ocrx_word' id='word_1_120' title='bbox 818 1267 909 1306; x_wconf 86' lang='lat' dir='ltr'>rernm</span> <span class='ocrx_word' id='word_1_121' title='bbox 918 1253 1234 1312; x_wconf 80' lang='lat' dir='ltr'>maritimarumciritatis</span> <span class='ocrx_word' id='word_1_122' title='bbox 1242 1277 1306 1316; x_wconf 90' lang='lat' dir='ltr'>cou-</span> 
     </span>
     <span class='ocr_line' id='line_1_14' title="bbox 214 1319 1303 1410; baseline 0.026 -41"><span class='ocrx_word' id='word_1_123' title='bbox 214 1319 293 1371; x_wconf 81' lang='lat' dir='ltr'>vulso</span> <span class='ocrx_word' id='word_1_124' title='bbox 299 1319 469 1378; x_wconf 81' lang='lat' dir='ltr'>restituendo</span> <span class='ocrx_word' id='word_1_125' title='bbox 480 1326 508 1376; x_wconf 87' lang='lat' dir='ltr'>et</span> <span class='ocrx_word' id='word_1_126' title='bbox 519 1326 690 1382; x_wconf 84' lang='lat' dir='ltr'>emendando</span> <span class='ocrx_word' id='word_1_127' title='bbox 700 1333 837 1398; x_wconf 85' lang='lat' dir='ltr'>meruerit,</span> <span class='ocrx_word' id='word_1_128' title='bbox 849 1333 872 1402; x_wconf 90' lang='lat'><strong>5.</strong></span> <span class='ocrx_word' id='word_1_129' title='bbox 884 1339 997 1390; x_wconf 72' lang='lat' dir='ltr'>:lo-ol.</span> <span class='ocrx_word' id='word_1_130' title='bbox 1008 1337 1303 1410; x_wconf 71' lang='lat' dir='ltr'>subjungit—Deinde</span> 
     </span>
     <span class='ocr_line' id='line_1_15' title="bbox 215 1397 1306 1490; baseline 0.025 -39"><span class='ocrx_word' id='word_1_131' title='bbox 215 1397 429 1472; x_wconf 80' lang='lat' dir='ltr'>Ctesiphontem,</span> <span class='ocrx_word' id='word_1_132' title='bbox 440 1406 515 1474; x_wconf 92' lang='lat' dir='ltr'>quod</span> <span class='ocrx_word' id='word_1_133' title='bbox 527 1424 565 1474; x_wconf 85' lang='lat' dir='ltr'>ae,</span> <span class='ocrx_word' id='word_1_134' title='bbox 578 1409 728 1466; x_wconf 87' lang='lat' dir='ltr'>rationibus</span> <span class='ocrx_word' id='word_1_135' title='bbox 740 1428 795 1468; x_wconf 90' lang='lat' dir='ltr'>non</span> <span class='ocrx_word' id='word_1_136' title='bbox 806 1417 904 1480; x_wconf 89' lang='lat' dir='ltr'>relatis,</span> <span class='ocrx_word' id='word_1_137' title='bbox 916 1419 1068 1473; x_wconf 88' lang='lat' dir='ltr'>ornandum</span> <span class='ocrx_word' id='word_1_138' title='bbox 1086 1426 1230 1490; x_wconf 83' lang='lat' dir='ltr'>censuerit,</span> <span class='ocrx_word' id='word_1_139' title='bbox 1242 1441 1306 1480; x_wconf 89' lang='lat' dir='ltr'>con·</span> 
     </span>
     <span class='ocr_line' id='line_1_16' title="bbox 214 1482 1305 1561; baseline 0.027 -28"><span class='ocrx_word' id='word_1_140' title='bbox 214 1483 256 1534; x_wconf 88' lang='lat' dir='ltr'>tra</span> <span class='ocrx_word' id='word_1_141' title='bbox 267 1482 341 1551; x_wconf 72' lang='lat' dir='ltr'>leges</span> <span class='ocrx_word' id='word_1_142' title='bbox 350 1486 491 1555; x_wconf 85' lang='lat' dir='ltr'>scripsisse</span> <span class='ocrx_word' id='word_1_143' title='bbox 500 1495 592 1556; x_wconf 71' lang='lat' dir='ltr'>negat.</span> <span class='ocrx_word' id='word_1_144' title='bbox 629 1493 687 1546; x_wconf 83' lang='lat' dir='ltr'>sibi</span> <span class='ocrx_word' id='word_1_145' title='bbox 696 1496 770 1548; x_wconf 90' lang='lat' dir='ltr'>enim</span> <span class='ocrx_word' id='word_1_146' title='bbox 781 1498 816 1550; x_wconf 90' lang='lat' dir='ltr'>ob</span> <span class='ocrx_word' id='word_1_147' title='bbox 828 1514 962 1553; x_wconf 87' lang='lat' dir='ltr'>summam</span> <span class='ocrx_word' id='word_1_148' title='bbox 972 1501 1055 1556; x_wconf 71' lang='lat' dir='ltr'>tuum</span> <span class='ocrx_word' id='word_1_149' title='bbox 1067 1505 1232 1560; x_wconf 70' lang='lat' dir='ltr'>talentorum</span> <span class='ocrx_word' id='word_1_150' title='bbox 1243 1525 1305 1561; x_wconf 87' lang='lat' dir='ltr'>oen-</span> 
     </span>
     <span class='ocr_line' id='line_1_17' title="bbox 213 1563 1306 1656; baseline 0.027 -42"><span class='ocrx_word' id='word_1_151' title='bbox 213 1563 327 1633; x_wconf 85' lang='lat' dir='ltr'>tumqne</span> <span class='ocrx_word' id='word_1_152' title='bbox 337 1568 472 1622; x_wconf 85' lang='lat' dir='ltr'>minarum</span> <span class='ocrx_word' id='word_1_153' title='bbox 482 1568 517 1622; x_wconf 94' lang='lat' dir='ltr'>de</span> <span class='ocrx_word' id='word_1_154' title='bbox 527 1587 578 1624; x_wconf 88' lang='lat' dir='ltr'>sno</span> <span class='ocrx_word' id='word_1_155' title='bbox 587 1573 690 1628; x_wconf 80' lang='lat' dir='ltr'>civitati</span> <span class='ocrx_word' id='word_1_156' title='bbox 700 1577 771 1630; x_wconf 85' lang='lat' dir='ltr'>ultro</span> <span class='ocrx_word' id='word_1_157' title='bbox 780 1579 930 1648; x_wconf 73' lang='lat' dir='ltr'>impensem</span> <span class='ocrx_word' id='word_1_158' title='bbox 942 1599 1071 1637; x_wconf 88' lang='lat' dir='ltr'>coronam</span> <span class='ocrx_word' id='word_1_159' title='bbox 1079 1581 1225 1656; x_wconf 80' lang='lat' dir='ltr'>decretam,</span> <span class='ocrx_word' id='word_1_160' title='bbox 1234 1592 1306 1646; x_wconf 88' lang='lat' dir='ltr'>aliis-</span> 
     </span>
     <span class='ocr_line' id='line_1_18' title="bbox 213 1645 1306 1734; baseline 0.032 -40"><span class='ocrx_word' id='word_1_161' title='bbox 213 1658 268 1710; x_wconf 88' lang='lat' dir='ltr'>que</span> <span class='ocrx_word' id='word_1_162' title='bbox 279 1645 398 1700; x_wconf 80' lang='lat' dir='ltr'>ebidem</span> <span class='ocrx_word' id='word_1_163' title='bbox 409 1647 537 1700; x_wconf 82' lang='lat' dir='ltr'>meritum</span> <span class='ocrx_word' id='word_1_164' title='bbox 546 1650 664 1704; x_wconf 90' lang='lat' dir='ltr'>eundem</span> <span class='ocrx_word' id='word_1_165' title='bbox 674 1654 804 1710; x_wconf 78' lang='lat' dir='ltr'>honorem</span> <span class='ocrx_word' id='word_1_166' title='bbox 814 1677 873 1714; x_wconf 87' lang='lat' dir='ltr'>esse</span> <span class='ocrx_word' id='word_1_167' title='bbox 888 1660 1018 1720; x_wconf 89' lang='lat' dir='ltr'>habitum.</span> <span class='ocrx_word' id='word_1_168' title='bbox 1027 1664 1051 1734; x_wconf 83' lang='lat'><strong>5.</strong></span> <span class='ocrx_word' id='word_1_169' title='bbox 1062 1671 1306 1728; x_wconf 45' lang='lat' dir='ltr'>:se—eoeleste</span> 
     </span>
     <span class='ocr_line' id='line_1_19' title="bbox 211 1722 1304 1820; baseline 0.035 -46"><span class='ocrx_word' id='word_1_170' title='bbox 211 1722 282 1788; x_wconf 88' lang='lat' dir='ltr'>loco,</span> <span class='ocrx_word' id='word_1_171' title='bbox 295 1725 447 1778; x_wconf 88' lang='lat' dir='ltr'>donationis</span> <span class='ocrx_word' id='word_1_172' title='bbox 455 1728 540 1798; x_wconf 86' lang='lat' dir='ltr'>hujus</span> <span class='ocrx_word' id='word_1_173' title='bbox 552 1732 771 1810; x_wconf 78' lang='lat' dir='ltr'>praedicationem</span> <span class='ocrx_word' id='word_1_174' title='bbox 782 1739 810 1794; x_wconf 89' lang='lat' dir='ltr'>in</span> <span class='ocrx_word' id='word_1_175' title='bbox 822 1741 926 1797; x_wconf 87' lang='lat' dir='ltr'>theatro</span> <span class='ocrx_word' id='word_1_176' title='bbox 932 1747 988 1800; x_wconf 88' lang='lat' dir='ltr'>lieri</span> <span class='ocrx_word' id='word_1_177' title='bbox 1002 1764 1089 1816; x_wconf 84' lang='lat' dir='ltr'>posse,</span> <span class='ocrx_word' id='word_1_178' title='bbox 1098 1751 1226 1820; x_wconf 72' lang='lat' dir='ltr'>legecum</span> <span class='ocrx_word' id='word_1_179' title='bbox 1234 1763 1304 1812; x_wconf 85' lang='lat' dir='ltr'>esset</span> 
     </span>
     <span class='ocr_line' id='line_1_20' title="bbox 213 1805 1302 1908; baseline 0.039 -54"><span class='ocrx_word' id='word_1_180' title='bbox 213 1805 356 1872; x_wconf 88' lang='lat' dir='ltr'>probatum</span> <span class='ocrx_word' id='word_1_181' title='bbox 367 1808 389 1876; x_wconf 90' lang='lat'><strong>5.</strong></span> <span class='ocrx_word' id='word_1_182' title='bbox 404 1813 458 1874; x_wconf 72' lang='lat' dir='ltr'>au,</span> <span class='ocrx_word' id='word_1_183' title='bbox 469 1815 498 1862; x_wconf 89' lang='lat' dir='ltr'>et</span> <span class='ocrx_word' id='word_1_184' title='bbox 508 1812 703 1870; x_wconf 67' lang='lat' dir='ltr'>maledicentia</span> <span class='ocrx_word' id='word_1_185' title='bbox 714 1820 858 1876; x_wconf 84' lang='lat' dir='ltr'>adversarii</span> <span class='ocrx_word' id='word_1_186' title='bbox 869 1825 1018 1894; x_wconf 88' lang='lat' dir='ltr'>incusatur,</span> <span class='ocrx_word' id='word_1_187' title='bbox 1030 1837 1059 1886; x_wconf 85' lang='lat' dir='ltr'>et</span> <span class='ocrx_word' id='word_1_188' title='bbox 1078 1831 1180 1892; x_wconf 84' lang='lat' dir='ltr'>hostilis</span> <span class='ocrx_word' id='word_1_189' title='bbox 1199 1837 1260 1908; x_wconf 84' lang='lat' dir='ltr'>ejus</span> <span class='ocrx_word' id='word_1_190' title='bbox 1274 1840 1302 1896; x_wconf 88' lang='lat' dir='ltr'>iu</span> 
     </span>
     <span class='ocr_line' id='line_1_21' title="bbox 211 1884 1116 1978; baseline 0.038 -43"><span class='ocrx_word' id='word_1_191' title='bbox 211 1884 325 1952; x_wconf 87' lang='lat' dir='ltr'>patriam</span> <span class='ocrx_word' id='word_1_192' title='bbox 335 1889 442 1942; x_wconf 88' lang='lat' dir='ltr'>animus</span> <span class='ocrx_word' id='word_1_193' title='bbox 454 1889 505 1944; x_wconf 91' lang='lat' dir='ltr'>hae</span> <span class='ocrx_word' id='word_1_194' title='bbox 516 1892 576 1963; x_wconf 89' lang='lat' dir='ltr'>ipsa</span> <span class='ocrx_word' id='word_1_195' title='bbox 587 1899 763 1954; x_wconf 87' lang='lat' dir='ltr'>accusatione</span> <span class='ocrx_word' id='word_1_196' title='bbox 775 1905 898 1972; x_wconf 64' lang='lat' dir='ltr'>arguitur</span> <span class='ocrx_word' id='word_1_197' title='bbox 910 1907 933 1978; x_wconf 90' lang='lat'><strong>5.</strong></span> <span class='ocrx_word' id='word_1_198' title='bbox 945 1913 1060 1968; x_wconf 55' lang='grc'><strong>37-18.</strong></span> <span class='ocrx_word' id='word_1_199' title='bbox 1113 1935 1116 1942; x_wconf 92' lang='grc'><strong><em>·</em></strong></span> 
     </span>
     <span class='ocr_line' id='line_1_22' title="bbox 246 1966 1303 2072; baseline 0.037 -55"><span class='ocrx_word' id='word_1_200' title='bbox 246 1966 340 2021; x_wconf 83' lang='lat' dir='ltr'>Causa</span> <span class='ocrx_word' id='word_1_201' title='bbox 351 1969 536 2040; x_wconf 82' lang='lat' dir='ltr'>Ctesiphontis</span> <span class='ocrx_word' id='word_1_202' title='bbox 545 1983 678 2046; x_wconf 86' lang='lat' dir='ltr'>perorata,</span> <span class='ocrx_word' id='word_1_203' title='bbox 686 1987 719 2035; x_wconf 87' lang='lat' dir='ltr'>ut</span> <span class='ocrx_word' id='word_1_204' title='bbox 730 1983 867 2042; x_wconf 85' lang='lat' dir='ltr'>AEsehinis</span> <span class='ocrx_word' id='word_1_205' title='bbox 879 1990 959 2046; x_wconf 86' lang='lat' dir='ltr'>tidem</span> <span class='ocrx_word' id='word_1_206' title='bbox 978 2011 1087 2050; x_wconf 89' lang='lat' dir='ltr'>omnem</span> <span class='ocrx_word' id='word_1_207' title='bbox 1099 1998 1253 2072; x_wconf 79' lang='lat' dir='ltr'>famemque</span> <span class='ocrx_word' id='word_1_208' title='bbox 1265 2004 1303 2056; x_wconf 88' lang='lat' dir='ltr'>la-</span> 
     </span>
     <span class='ocr_line' id='line_1_23' title="bbox 211 2047 1304 2152; baseline 0.038 -53"><span class='ocrx_word' id='word_1_209' title='bbox 211 2047 375 2103; x_wconf 86' lang='lat' dir='ltr'>heieetatam</span> <span class='ocrx_word' id='word_1_210' title='bbox 386 2053 496 2124; x_wconf 85' lang='lat' dir='ltr'>penitas</span> <span class='ocrx_word' id='word_1_211' title='bbox 507 2060 776 2134; x_wconf 82' lang='lat' dir='ltr'>convelleret,&#39;seque</span> <span class='ocrx_word' id='word_1_212' title='bbox 787 2067 876 2136; x_wconf 83' lang='lat' dir='ltr'>ipsum</span> <span class='ocrx_word' id='word_1_213' title='bbox 884 2073 1014 2140; x_wconf 86' lang='lat' dir='ltr'>judicum</span> <span class='ocrx_word' id='word_1_214' title='bbox 1027 2079 1124 2133; x_wconf 85' lang='lat' dir='ltr'>animis</span> <span class='ocrx_word' id='word_1_215' title='bbox 1138 2084 1222 2152; x_wconf 73' lang='lat' dir='ltr'>megia</span> <span class='ocrx_word' id='word_1_216' title='bbox 1240 2087 1304 2140; x_wconf 90' lang='lat' dir='ltr'>insi·</span> 
     </span>
     <span class='ocr_line' id='line_1_24' title="bbox 117 2133 1304 2230; baseline 0.04 -53"><span class='ocrx_word' id='word_1_217' title='bbox 117 2140 124 2152; x_wconf 87' lang='grc'>·</span> <span class='ocrx_word' id='word_1_218' title='bbox 211 2136 317 2196; x_wconf 78' lang='lat' dir='ltr'>namet,</span> <span class='ocrx_word' id='word_1_219' title='bbox 325 2133 361 2186; x_wconf 84' lang='lat' dir='ltr'>sd</span> <span class='ocrx_word' id='word_1_220' title='bbox 373 2133 580 2194; x_wconf 85' lang='lat' dir='ltr'>insectationem</span> <span class='ocrx_word' id='word_1_221' title='bbox 592 2142 738 2202; x_wconf 75' lang='lat' dir='ltr'>advenerit</span> <span class='ocrx_word' id='word_1_222' title='bbox 750 2143 908 2220; x_wconf 68' lang='lat' dir='ltr'>digreditur.</span> <span class='ocrx_word' id='word_1_223' title='bbox 945 2157 1035 2222; x_wconf 86' lang='lat' dir='ltr'>Quam</span> <span class='ocrx_word' id='word_1_224' title='bbox 1054 2162 1165 2230; x_wconf 89' lang='lat' dir='ltr'>quidem</span> <span class='ocrx_word' id='word_1_225' title='bbox 1176 2169 1304 2224; x_wconf 82' lang='lat' dir='ltr'>orationis</span> 
     </span>
     <span class='ocr_line' id='line_1_25' title="bbox 184 2214 1302 2306; baseline 0.039 -45"><span class='ocrx_word' id='word_1_226' title='bbox 184 2279 192 2294; x_wconf 81' lang='lat'><strong>.</strong></span> <span class='ocrx_word' id='word_1_227' title='bbox 210 2215 316 2278; x_wconf 88' lang='lat' dir='ltr'>partem</span> <span class='ocrx_word' id='word_1_228' title='bbox 331 2214 399 2268; x_wconf 90' lang='lat' dir='ltr'>mire</span> <span class='ocrx_word' id='word_1_229' title='bbox 415 2218 533 2286; x_wconf 86' lang='lat' dir='ltr'>quedem</span> <span class='ocrx_word' id='word_1_230' title='bbox 554 2228 611 2276; x_wconf 88' lang='lat' dir='ltr'>erte</span> <span class='ocrx_word' id='word_1_231' title='bbox 629 2225 670 2280; x_wconf 84' lang='lat' dir='ltr'>ita</span> <span class='ocrx_word' id='word_1_232' title='bbox 680 2233 834 2300; x_wconf 85' lang='lat' dir='ltr'>composuit</span> <span class='ocrx_word' id='word_1_233' title='bbox 846 2241 948 2302; x_wconf 84' lang='lat' dir='ltr'>auctor,</span> <span class='ocrx_word' id='word_1_234' title='bbox 960 2243 992 2292; x_wconf 91' lang='lat' dir='ltr'>ut</span> <span class='ocrx_word' id='word_1_235' title='bbox 1004 2243 1153 2298; x_wconf 63' lang='lat' dir='ltr'>metuetis</span> <span class='ocrx_word' id='word_1_236' title='bbox 1164 2247 1302 2306; x_wconf 82' lang='lat' dir='ltr'>AEsehiuis</span> 
     </span>
     <span class='ocr_line' id='line_1_26' title="bbox 210 2295 1301 2400; baseline 0.038 -55"><span class='ocrx_word' id='word_1_237' title='bbox 210 2309 262 2347; x_wconf 88' lang='lat' dir='ltr'>saa</span> <span class='ocrx_word' id='word_1_238' title='bbox 274 2295 424 2363; x_wconf 80' lang='lat' dir='ltr'>benefecta,</span> <span class='ocrx_word' id='word_1_239' title='bbox 436 2299 496 2367; x_wconf 90' lang='lat' dir='ltr'>ejus</span> <span class='ocrx_word' id='word_1_240' title='bbox 507 2303 580 2358; x_wconf 84' lang='lat' dir='ltr'>vitiis</span> <span class='ocrx_word' id='word_1_241' title='bbox 591 2321 655 2361; x_wconf 89' lang='lat' dir='ltr'>sues</span> <span class='ocrx_word' id='word_1_242' title='bbox 665 2311 779 2364; x_wconf 79' lang='lat' dir='ltr'>virtutes</span> <span class='ocrx_word' id='word_1_243' title='bbox 795 2321 924 2388; x_wconf 88' lang='lat' dir='ltr'>opponat,</span> <span class='ocrx_word' id='word_1_244' title='bbox 944 2336 999 2389; x_wconf 90' lang='lat' dir='ltr'>quo</span> <span class='ocrx_word' id='word_1_245' title='bbox 1012 2324 1079 2377; x_wconf 90' lang='lat' dir='ltr'>nihil</span> <span class='ocrx_word' id='word_1_246' title='bbox 1091 2326 1127 2380; x_wconf 88' lang='lat' dir='ltr'>ed</span> <span class='ocrx_word' id='word_1_247' title='bbox 1139 2329 1240 2384; x_wconf 88' lang='lat' dir='ltr'>animos</span> <span class='ocrx_word' id='word_1_248' title='bbox 1253 2331 1301 2400; x_wconf 85' lang='lat' dir='ltr'>ju-</span> 
     </span>
     <span class='ocr_line' id='line_1_27' title="bbox 208 2375 1301 2482; baseline 0.038 -56"><span class='ocrx_word' id='word_1_249' title='bbox 208 2375 301 2430; x_wconf 83' lang='lat' dir='ltr'>dicum</span> <span class='ocrx_word' id='word_1_250' title='bbox 311 2381 460 2434; x_wconf 82' lang='lat' dir='ltr'>movendos</span> <span class='ocrx_word' id='word_1_251' title='bbox 469 2384 685 2458; x_wconf 85' lang='lat' dir='ltr'>excitandosque</span> <span class='ocrx_word' id='word_1_252' title='bbox 693 2392 828 2450; x_wconf 78' lang='lat' dir='ltr'>efficacius</span> <span class='ocrx_word' id='word_1_253' title='bbox 838 2399 949 2466; x_wconf 72' lang='lat' dir='ltr'>eogitari</span> <span class='ocrx_word' id='word_1_254' title='bbox 960 2407 1058 2472; x_wconf 81' lang='lat' dir='ltr'>potest</span> <span class='ocrx_word' id='word_1_255' title='bbox 1089 2407 1211 2478; x_wconf 84' lang='lat' dir='ltr'>Exponit</span> <span class='ocrx_word' id='word_1_256' title='bbox 1219 2407 1301 2482; x_wconf 87' lang='lat' dir='ltr'>enirn,</span> 
     </span>
     <span class='ocr_line' id='line_1_28' title="bbox 211 2457 1302 2557; baseline 0.036 -46"><span class='ocrx_word' id='word_1_257' title='bbox 211 2457 365 2527; x_wconf 84' lang='lat' dir='ltr'>AEsehines,</span> <span class='ocrx_word' id='word_1_258' title='bbox 376 2468 452 2532; x_wconf 86' lang='lat' dir='ltr'>patre</span> <span class='ocrx_word' id='word_1_259' title='bbox 471 2481 557 2533; x_wconf 83' lang='lat' dir='ltr'>servo,</span> <span class='ocrx_word' id='word_1_260' title='bbox 574 2474 660 2524; x_wconf 86' lang='lat' dir='ltr'>matre</span> <span class='ocrx_word' id='word_1_261' title='bbox 676 2474 843 2545; x_wconf 73' lang='lat' dir='ltr'>nequissime</span> <span class='ocrx_word' id='word_1_262' title='bbox 859 2484 948 2549; x_wconf 88' lang='lat' dir='ltr'>natus,</span> <span class='ocrx_word' id='word_1_263' title='bbox 959 2501 1042 2554; x_wconf 89' lang='lat' dir='ltr'>quam</span> <span class='ocrx_word' id='word_1_264' title='bbox 1053 2489 1160 2557; x_wconf 73' lang='lat' dir='ltr'>ingrato</span> <span class='ocrx_word' id='word_1_265' title='bbox 1171 2493 1261 2548; x_wconf 83' lang='lat' dir='ltr'>animo</span> <span class='ocrx_word' id='word_1_266' title='bbox 1272 2499 1302 2551; x_wconf 89' lang='lat' dir='ltr'>et</span> 
     </span>
     <span class='ocr_line' id='line_1_29' title="bbox 105 2538 1302 2647; baseline 0.038 -60"><span class='ocrx_word' id='word_1_267' title='bbox 105 2596 108 2599; x_wconf 14' lang='lat'><strong>⁴</strong></span> <span class='ocrx_word' id='word_1_268' title='bbox 209 2538 384 2610; x_wconf 88' lang='lat' dir='ltr'>Antiphontis</span> <span class='ocrx_word' id='word_1_269' title='bbox 395 2549 478 2613; x_wconf 87' lang='lat' dir='ltr'>atque</span> <span class='ocrx_word' id='word_1_270' title='bbox 491 2546 624 2615; x_wconf 78' lang='lat' dir='ltr'>Pythonis</span> <span class='ocrx_word' id='word_1_271' title='bbox 633 2554 785 2621; x_wconf 84' lang='lat' dir='ltr'>patrocinio</span> <span class='ocrx_word' id='word_1_272' title='bbox 793 2566 821 2613; x_wconf 88' lang='lat' dir='ltr'>et</span> <span class='ocrx_word' id='word_1_273' title='bbox 830 2558 951 2617; x_wconf 85' lang='lat' dir='ltr'>Anexini</span> <span class='ocrx_word' id='word_1_274' title='bbox 962 2568 1080 2623; x_wconf 86' lang='lat' dir='ltr'>amicitia</span> <span class='ocrx_word' id='word_1_275' title='bbox 1088 2576 1182 2627; x_wconf 85' lang='lat' dir='ltr'>eontra</span> <span class='ocrx_word' id='word_1_276' title='bbox 1193 2591 1302 2647; x_wconf 87' lang='lat' dir='ltr'>rempu-</span> 
     </span>
     <span class='ocr_line' id='line_1_30' title="bbox 208 2618 1301 2715; baseline 0.038 -43"><span class='ocrx_word' id='word_1_277' title='bbox 208 2618 307 2675; x_wconf 85' lang='lat' dir='ltr'>blicam</span> <span class='ocrx_word' id='word_1_278' title='bbox 319 2622 413 2678; x_wconf 83' lang='lat' dir='ltr'>iecerit</span> <span class='ocrx_word' id='word_1_279' title='bbox 430 2625 453 2694; x_wconf 86' lang='lat'><strong>5.</strong></span> <span class='ocrx_word' id='word_1_280' title='bbox 472 2632 597 2696; x_wconf 63' lang='grc' dir='ltr'>Μ,</span> <span class='ocrx_word' id='word_1_281' title='bbox 608 2637 694 2705; x_wconf 90' lang='lat' dir='ltr'>etque</span> <span class='ocrx_word' id='word_1_282' title='bbox 710 2636 774 2691; x_wconf 88' lang='lat' dir='ltr'>helii</span> <span class='ocrx_word' id='word_1_283' title='bbox 784 2641 985 2711; x_wconf 89' lang='lat' dir='ltr'>Amphissensis</span> <span class='ocrx_word' id='word_1_284' title='bbox 996 2652 1147 2707; x_wconf 81' lang='lat' dir='ltr'>concitator</span> <span class='ocrx_word' id='word_1_285' title='bbox 1163 2660 1191 2708; x_wconf 86' lang='lat' dir='ltr'>et</span> <span class='ocrx_word' id='word_1_286' title='bbox 1207 2664 1301 2715; x_wconf 86' lang='lat' dir='ltr'>auetor</span> 
     </span>
     <span class='ocr_line' id='line_1_31' title="bbox 208 2701 1303 2804; baseline 0.039 -51"><span class='ocrx_word' id='word_1_287' title='bbox 208 2701 332 2772; x_wconf 89' lang='lat' dir='ltr'>Philippo</span> <span class='ocrx_word' id='word_1_288' title='bbox 342 2707 415 2759; x_wconf 80' lang='lat' dir='ltr'>riam</span> <span class='ocrx_word' id='word_1_289' title='bbox 425 2706 455 2761; x_wconf 88' lang='lat' dir='ltr'>in</span> <span class='ocrx_word' id='word_1_290' title='bbox 468 2708 604 2767; x_wconf 82' lang='lat' dir='ltr'>Graeciam</span> <span class='ocrx_word' id='word_1_291' title='bbox 612 2715 779 2787; x_wconf 87' lang='lat' dir='ltr'>irrumpendi</span> <span class='ocrx_word' id='word_1_292' title='bbox 788 2720 968 2796; x_wconf 86' lang='lat' dir='ltr'>Elateamqae</span> <span class='ocrx_word' id='word_1_293' title='bbox 980 2734 1131 2802; x_wconf 84' lang='lat' dir='ltr'>occupandi</span> <span class='ocrx_word' id='word_1_294' title='bbox 1141 2738 1303 2804; x_wconf 75' lang='lat' dir='ltr'>patefecerit</span> 
     </span>
     <span class='ocr_line' id='line_1_32' title="bbox 207 2782 1302 2878; baseline 0.04 -43"><span class='ocrx_word' id='word_1_295' title='bbox 207 2782 232 2850; x_wconf 89' lang='lat'><strong>5.</strong></span> <span class='ocrx_word' id='word_1_296' title='bbox 244 2788 368 2851; x_wconf 54' lang='lat'>4442,</span> <span class='ocrx_word' id='word_1_297' title='bbox 380 2789 438 2856; x_wconf 88' lang='lat' dir='ltr'>ipse</span> <span class='ocrx_word' id='word_1_298' title='bbox 449 2795 552 2857; x_wconf 85' lang='lat' dir='ltr'>contra,</span> <span class='ocrx_word' id='word_1_299' title='bbox 564 2792 616 2848; x_wconf 89' lang='lat' dir='ltr'>lroc</span> <span class='ocrx_word' id='word_1_300' title='bbox 633 2812 722 2853; x_wconf 89' lang='lat' dir='ltr'>rerum</span> <span class='ocrx_word' id='word_1_301' title='bbox 739 2806 811 2856; x_wconf 88' lang='lat' dir='ltr'>statu</span> <span class='ocrx_word' id='word_1_302' title='bbox 820 2804 1032 2865; x_wconf 77' lang='lat' dir='ltr'>Atheniensibus</span> <span class='ocrx_word' id='word_1_303' title='bbox 1047 2815 1075 2867; x_wconf 89' lang='lat' dir='ltr'>in</span> <span class='ocrx_word' id='word_1_304' title='bbox 1087 2833 1193 2872; x_wconf 89' lang='lat' dir='ltr'>summo</span> <span class='ocrx_word' id='word_1_305' title='bbox 1205 2821 1302 2878; x_wconf 80' lang='lat' dir='ltr'>diacri-</span> 
     </span>
     <span class='ocr_line' id='line_1_33' title="bbox 207 2864 1300 2965; baseline 0.041 -50"><span class='ocrx_word' id='word_1_306' title='bbox 207 2864 280 2918; x_wconf 89' lang='lat' dir='ltr'>mine</span> <span class='ocrx_word' id='word_1_307' title='bbox 292 2870 469 2937; x_wconf 82' lang='lat' dir='ltr'>versantibus,</span> <span class='ocrx_word' id='word_1_308' title='bbox 481 2879 678 2945; x_wconf 73' lang='lat' dir='ltr'>quemegreqie</span> <span class='ocrx_word' id='word_1_309' title='bbox 688 2881 722 2934; x_wconf 91' lang='lat' dir='ltr'>de</span> <span class='ocrx_word' id='word_1_310' title='bbox 734 2899 841 2939; x_wconf 85' lang='lat' dir='ltr'>summa</span> <span class='ocrx_word' id='word_1_311' title='bbox 852 2904 880 2940; x_wconf 88' lang='lat' dir='ltr'>re</span> <span class='ocrx_word' id='word_1_312' title='bbox 892 2892 1003 2959; x_wconf 86' lang='lat' dir='ltr'>publica</span> <span class='ocrx_word' id='word_1_313' title='bbox 1010 2900 1146 2965; x_wconf 84' lang='lat' dir='ltr'>meruerit,</span> <span class='ocrx_word' id='word_1_314' title='bbox 1159 2904 1186 2955; x_wconf 83' lang='lat' dir='ltr'>ri</span> <span class='ocrx_word' id='word_1_315' title='bbox 1201 2906 1300 2960; x_wconf 86' lang='lat' dir='ltr'>oratio-</span> 
     </span>
     <span class='ocr_line' id='line_1_34' title="bbox 208 2946 1300 3045; baseline 0.041 -47"><span class='ocrx_word' id='word_1_316' title='bbox 208 2946 250 2999; x_wconf 90' lang='lat' dir='ltr'>nis</span> <span class='ocrx_word' id='word_1_317' title='bbox 261 2964 319 3001; x_wconf 78' lang='lat' dir='ltr'>suaa</span> <span class='ocrx_word' id='word_1_318' title='bbox 331 2952 522 3019; x_wconf 70' lang='lat' dir='ltr'>pertimendo,</span> <span class='ocrx_word' id='word_1_319' title='bbox 534 2961 606 3012; x_wconf 88' lang='lat' dir='ltr'>utet</span> <span class='ocrx_word' id='word_1_320' title='bbox 618 2960 745 3031; x_wconf 86' lang='lat' dir='ltr'>Athenis,</span> <span class='ocrx_word' id='word_1_321' title='bbox 757 2981 894 3023; x_wconf 85' lang='lat' dir='ltr'>armorum</span> <span class='ocrx_word' id='word_1_322' title='bbox 915 2974 1071 3031; x_wconf 84' lang='lat' dir='ltr'>societatem</span> <span class='ocrx_word' id='word_1_323' title='bbox 1084 2996 1148 3033; x_wconf 87' lang='lat' dir='ltr'>cum</span> <span class='ocrx_word' id='word_1_324' title='bbox 1159 2984 1300 3045; x_wconf 73' lang='lat' dir='ltr'>Thebanis</span> 
     </span>
     <span class='ocr_line' id='line_1_35' title="bbox 206 3030 1300 3132; baseline 0.04 -53"><span class='ocrx_word' id='word_1_325' title='bbox 206 3042 320 3097; x_wconf 87' lang='lat' dir='ltr'>propere</span> <span class='ocrx_word' id='word_1_326' title='bbox 331 3030 550 3101; x_wconf 73' lang='lat' dir='ltr'>conjungendam</span> <span class='ocrx_word' id='word_1_327' title='bbox 562 3054 631 3103; x_wconf 87' lang='lat' dir='ltr'>esse,</span> <span class='ocrx_word' id='word_1_328' title='bbox 647 3040 836 3101; x_wconf 83' lang='lat' dir='ltr'>decerneretur</span> <span class='ocrx_word' id='word_1_329' title='bbox 848 3049 871 3117; x_wconf 89' lang='lat'><strong>5.</strong></span> <span class='ocrx_word' id='word_1_330' title='bbox 882 3054 1113 3127; x_wconf 74' lang='lat' dir='ltr'>52-65.-quem</span> <span class='ocrx_word' id='word_1_331' title='bbox 1127 3064 1238 3132; x_wconf 89' lang='lat' dir='ltr'>quidem</span> <span class='ocrx_word' id='word_1_332' title='bbox 1256 3086 1300 3123; x_wconf 85' lang='lat' dir='ltr'>ra·</span> 
     </span>
     <span class='ocr_line' id='line_1_36' title="bbox 206 3112 1298 3215; baseline 0.041 -52"><span class='ocrx_word' id='word_1_333' title='bbox 206 3112 320 3180; x_wconf 84' lang='lat' dir='ltr'>tionem,</span> <span class='ocrx_word' id='word_1_334' title='bbox 336 3113 416 3185; x_wconf 72' lang='lat' dir='ltr'>longe</span> <span class='ocrx_word' id='word_1_335' title='bbox 434 3118 566 3185; x_wconf 88' lang='lat' dir='ltr'>optimam</span> <span class='ocrx_word' id='word_1_336' title='bbox 578 3123 674 3190; x_wconf 74' lang='lat' dir='ltr'>ricem,</span> <span class='ocrx_word' id='word_1_337' title='bbox 685 3141 775 3196; x_wconf 87' lang='lat' dir='ltr'>neque</span> <span class='ocrx_word' id='word_1_338' title='bbox 787 3146 861 3185; x_wconf 84' lang='lat' dir='ltr'>nuno</span> <span class='ocrx_word' id='word_1_339' title='bbox 872 3140 935 3203; x_wconf 88' lang='lat' dir='ltr'>post</span> <span class='ocrx_word' id='word_1_340' title='bbox 952 3145 1079 3197; x_wconf 81' lang='lat' dir='ltr'>eventum</span> <span class='ocrx_word' id='word_1_341' title='bbox 1091 3145 1298 3215; x_wconf 88' lang='lat' dir='ltr'>improbandam</span> 
     </span>
     <span class='ocr_line' id='line_1_37' title="bbox 207 3197 1297 3303; baseline 0.043 -60"><span class='ocrx_word' id='word_1_342' title='bbox 207 3209 276 3261; x_wconf 86' lang='lat' dir='ltr'>esse,</span> <span class='ocrx_word' id='word_1_343' title='bbox 287 3200 316 3249; x_wconf 87' lang='lat' dir='ltr'>et</span> <span class='ocrx_word' id='word_1_344' title='bbox 327 3200 395 3261; x_wconf 89' lang='lat' dir='ltr'>turn,</span> <span class='ocrx_word' id='word_1_345' title='bbox 406 3197 514 3253; x_wconf 86' lang='lat' dir='ltr'>etiamsi</span> <span class='ocrx_word' id='word_1_346' title='bbox 530 3218 625 3257; x_wconf 85' lang='lat' dir='ltr'>omnes</span> <span class='ocrx_word' id='word_1_347' title='bbox 634 3209 707 3266; x_wconf 82' lang='lat' dir='ltr'>mala</span> <span class='ocrx_word' id='word_1_348' title='bbox 717 3208 811 3265; x_wconf 86' lang='lat' dir='ltr'>latura</span> <span class='ocrx_word' id='word_1_349' title='bbox 822 3214 1018 3287; x_wconf 73' lang='lat' dir='ltr'>praevidissent,</span> <span class='ocrx_word' id='word_1_350' title='bbox 1036 3226 1188 3297; x_wconf 73' lang='lat' dir='ltr'>eligendam</span> <span class='ocrx_word' id='word_1_351' title='bbox 1205 3233 1297 3303; x_wconf 88' lang='lat' dir='ltr'>fuisse,</span> 
     </span>
     <span class='ocr_line' id='line_1_38' title="bbox 206 3275 1297 3386; baseline 0.041 -59"><span class='ocrx_word' id='word_1_352' title='bbox 206 3275 227 3343; x_wconf 82' lang='lat'><strong>5</strong></span> <span class='ocrx_word' id='word_1_353' title='bbox 242 3280 356 3331; x_wconf 83' lang='grc'><strong>66-60.</strong></span> <span class='ocrx_word' id='word_1_354' title='bbox 369 3278 500 3346; x_wconf 78' lang='grc' dir='ltr'><strong><em>ριιὲοΙιιιι</em></strong></span> <span class='ocrx_word' id='word_1_355' title='bbox 511 3284 743 3344; x_wconf 86' lang='lat' dir='ltr'>demonstrat-et</span> <span class='ocrx_word' id='word_1_356' title='bbox 753 3292 884 3363; x_wconf 81' lang='lat' dir='ltr'>Thebani,</span> <span class='ocrx_word' id='word_1_357' title='bbox 893 3300 927 3351; x_wconf 88' lang='lat' dir='ltr'>ad</span> <span class='ocrx_word' id='word_1_358' title='bbox 940 3319 1008 3371; x_wconf 88' lang='lat' dir='ltr'>qnos</span> <span class='ocrx_word' id='word_1_359' title='bbox 1016 3304 1178 3375; x_wconf 72' lang='lat' dir='ltr'>legationem</span> <span class='ocrx_word' id='word_1_360' title='bbox 1192 3313 1297 3386; x_wconf 88' lang='lat' dir='ltr'>obierit,</span> 
     </span>
     <span class='ocr_line' id='line_1_39' title="bbox 205 3358 1298 3470; baseline 0.042 -62"><span class='ocrx_word' id='word_1_361' title='bbox 205 3358 236 3409; x_wconf 88' lang='lat' dir='ltr'>iu</span> <span class='ocrx_word' id='word_1_362' title='bbox 246 3364 338 3426; x_wconf 85' lang='lat' dir='ltr'>partes</span> <span class='ocrx_word' id='word_1_363' title='bbox 350 3360 556 3419; x_wconf 81' lang='lat' dir='ltr'>Atheniensium</span> <span class='ocrx_word' id='word_1_364' title='bbox 575 3371 826 3439; x_wconf 66' lang='lat' dir='ltr'>transgrederentur</span> <span class='ocrx_word' id='word_1_365' title='bbox 840 3377 863 3447; x_wconf 90' lang='lat'>5.</span> <span class='ocrx_word' id='word_1_366' title='bbox 875 3382 991 3437; x_wconf 65' lang='grc'><strong>61-112.</strong></span> <span class='ocrx_word' id='word_1_367' title='bbox 1027 3386 1109 3444; x_wconf 88' lang='lat' dir='ltr'>Unde</span> <span class='ocrx_word' id='word_1_368' title='bbox 1125 3408 1186 3463; x_wconf 77' lang='lat' dir='ltr'>quas</span> <span class='ocrx_word' id='word_1_369' title='bbox 1205 3398 1298 3470; x_wconf 75' lang='lat' dir='ltr'>gloria,</span> 
     </span>
     <span class='ocr_line' id='line_1_40' title="bbox 205 3440 1297 3553; baseline 0.046 -66"><span class='ocrx_word' id='word_1_370' title='bbox 205 3454 268 3509; x_wconf 83' lang='lat' dir='ltr'>qnm</span> <span class='ocrx_word' id='word_1_371' title='bbox 278 3440 414 3495; x_wconf 79' lang='lat' dir='ltr'>retrusio</span> <span class='ocrx_word' id='word_1_372' title='bbox 426 3445 563 3502; x_wconf 76' lang='lat' dir='ltr'>civitatem</span> <span class='ocrx_word' id='word_1_373' title='bbox 573 3451 741 3518; x_wconf 84' lang='lat' dir='ltr'>redundarit,</span> <span class='ocrx_word' id='word_1_374' title='bbox 754 3460 892 3527; x_wconf 89' lang='lat' dir='ltr'>quomodo</span> <span class='ocrx_word' id='word_1_375' title='bbox 902 3462 1035 3537; x_wconf 83' lang='lat' dir='ltr'>Thebani,</span> <span class='ocrx_word' id='word_1_376' title='bbox 1047 3476 1184 3541; x_wconf 85' lang='lat' dir='ltr'>quomodo</span> <span class='ocrx_word' id='word_1_377' title='bbox 1198 3480 1297 3553; x_wconf 87' lang='lat' dir='ltr'>Philip-</span> 
     </span>
     <span class='ocr_line' id='line_1_41' title="bbox 205 3518 1297 3617; baseline 0.046 -50"><span class='ocrx_word' id='word_1_378' title='bbox 205 3534 257 3586; x_wconf 86' lang='lat' dir='ltr'>pus</span> <span class='ocrx_word' id='word_1_379' title='bbox 265 3518 379 3573; x_wconf 75' lang='lat' dir='ltr'>affectus</span> <span class='ocrx_word' id='word_1_380' title='bbox 386 3522 476 3589; x_wconf 82' lang='lat' dir='ltr'>luerit,</span> <span class='ocrx_word' id='word_1_381' title='bbox 487 3527 510 3593; x_wconf 91' lang='lat'><strong>5.</strong></span> <span class='ocrx_word' id='word_1_382' title='bbox 519 3533 632 3585; x_wconf 71' lang='lat' dir='ltr'>tis-cs.</span> <span class='ocrx_word' id='word_1_383' title='bbox 641 3533 765 3605; x_wconf 72' lang='lat' dir='ltr'>legimus,</span> <span class='ocrx_word' id='word_1_384' title='bbox 774 3544 859 3610; x_wconf 88' lang='lat' dir='ltr'>utque</span> <span class='ocrx_word' id='word_1_385' title='bbox 866 3544 924 3611; x_wconf 90' lang='lat' dir='ltr'>ipse</span> <span class='ocrx_word' id='word_1_386' title='bbox 935 3548 993 3600; x_wconf 87' lang='lat' dir='ltr'>tum</span> <span class='ocrx_word' id='word_1_387' title='bbox 1004 3557 1146 3609; x_wconf 89' lang='lat' dir='ltr'>coronaoh</span> <span class='ocrx_word' id='word_1_388' title='bbox 1155 3562 1233 3613; x_wconf 87' lang='lat' dir='ltr'>tanta</span> <span class='ocrx_word' id='word_1_389' title='bbox 1241 3579 1297 3617; x_wconf 85' lang='lat' dir='ltr'>me·</span> 
     </span>
     <span class='ocr_line' id='line_1_42' title="bbox 206 3600 1299 3701; baseline 0.045 -50"><span class='ocrx_word' id='word_1_390' title='bbox 206 3600 377 3669; x_wconf 84' lang='lat' dir='ltr'>ritapublioe</span> <span class='ocrx_word' id='word_1_391' title='bbox 387 3610 500 3659; x_wconf 85' lang='lat' dir='ltr'>ornatus</span> <span class='ocrx_word' id='word_1_392' title='bbox 509 3610 557 3675; x_wconf 89' lang='lat' dir='ltr'>ait,</span> <span class='ocrx_word' id='word_1_393' title='bbox 567 3612 697 3671; x_wconf 59' lang='lat' dir='ltr'>&amp;hine</span> <span class='ocrx_word' id='word_1_394' title='bbox 710 3634 772 3672; x_wconf 88' lang='lat' dir='ltr'>eum</span> <span class='ocrx_word' id='word_1_395' title='bbox 786 3637 841 3675; x_wconf 91' lang='grc' dir='ltr'><strong><em>ιιοιι</em></strong></span> <span class='ocrx_word' id='word_1_396' title='bbox 854 3634 1009 3695; x_wconf 80' lang='lat' dir='ltr'>accusante,</span> <span class='ocrx_word' id='word_1_397' title='bbox 1023 3636 1156 3701; x_wconf 81' lang='lat' dir='ltr'>quirinae</span> <span class='ocrx_word' id='word_1_398' title='bbox 1171 3640 1206 3693; x_wconf 89' lang='lat' dir='ltr'>de</span> <span class='ocrx_word' id='word_1_399' title='bbox 1217 3644 1299 3700; x_wconf 85' lang='lat' dir='ltr'>laude</span> 
     </span>
     <span class='ocr_line' id='line_1_43' title="bbox 205 3680 1297 3783; baseline 0.048 -54"><span class='ocrx_word' id='word_1_400' title='bbox 205 3681 273 3750; x_wconf 85' lang='lat' dir='ltr'>ejus,</span> <span class='ocrx_word' id='word_1_401' title='bbox 280 3680 328 3751; x_wconf 86' lang='lat' dir='ltr'>qni</span> <span class='ocrx_word' id='word_1_402' title='bbox 338 3686 378 3735; x_wconf 87' lang='lat' dir='ltr'>tot</span> <span class='ocrx_word' id='word_1_403' title='bbox 386 3684 483 3751; x_wconf 87' lang='lat' dir='ltr'>socios,</span> <span class='ocrx_word' id='word_1_404' title='bbox 493 3691 885 3759; x_wconf 76' lang='lat' dir='ltr'>totpraesidiaAtheniensibus</span> <span class='ocrx_word' id='word_1_405' title='bbox 895 3717 1100 3783; x_wconf 81' lang='lat' dir='ltr'>comparaverit,</span> <span class='ocrx_word' id='word_1_406' title='bbox 1108 3722 1241 3778; x_wconf 86' lang='lat' dir='ltr'>malitiose</span> <span class='ocrx_word' id='word_1_407' title='bbox 1250 3726 1297 3781; x_wconf 93' lang='lat' dir='ltr'>de·</span> 
     </span>
     <span class='ocr_line' id='line_1_44' title="bbox 204 3762 1296 3875; baseline 0.043 -60"><span class='ocrx_word' id='word_1_408' title='bbox 204 3762 310 3819; x_wconf 78' lang='lat' dir='ltr'>omero</span> <span class='ocrx_word' id='word_1_409' title='bbox 321 3766 477 3835; x_wconf 79' lang='lat' dir='ltr'>contendat,</span> <span class='ocrx_word' id='word_1_410' title='bbox 486 3769 509 3838; x_wconf 86' lang='lat'><strong>5.</strong></span> <span class='ocrx_word' id='word_1_411' title='bbox 518 3775 632 3829; x_wconf 70' lang='lat' dir='ltr'>‹lc-esa</span> <span class='ocrx_word' id='word_1_412' title='bbox 669 3779 744 3834; x_wconf 85' lang='lat' dir='ltr'>Exin</span> <span class='ocrx_word' id='word_1_413' title='bbox 756 3799 852 3840; x_wconf 87' lang='lat' dir='ltr'>causes</span> <span class='ocrx_word' id='word_1_414' title='bbox 864 3791 1020 3863; x_wconf 84' lang='lat' dir='ltr'>accipimus,</span> <span class='ocrx_word' id='word_1_415' title='bbox 1033 3803 1222 3875; x_wconf 87' lang='lat' dir='ltr'>curetiniquis</span> <span class='ocrx_word' id='word_1_416' title='bbox 1232 3824 1296 3861; x_wconf 88' lang='lat' dir='ltr'>eon·</span> 
     </span>
     <span class='ocr_line' id='line_1_45' title="bbox 205 3847 1296 3956; baseline 0.043 -57"><span class='ocrx_word' id='word_1_417' title='bbox 205 3847 353 3903; x_wconf 86' lang='lat' dir='ltr'>ditionibus</span> <span class='ocrx_word' id='word_1_418' title='bbox 362 3850 475 3905; x_wconf 86' lang='lat' dir='ltr'>societas</span> <span class='ocrx_word' id='word_1_419' title='bbox 484 3867 547 3908; x_wconf 91' lang='lat' dir='ltr'>cnm</span> <span class='ocrx_word' id='word_1_420' title='bbox 558 3855 861 3935; x_wconf 55' lang='lat' dir='ltr'>hermianensem,</span> <span class='ocrx_word' id='word_1_421' title='bbox 874 3876 902 3924; x_wconf 90' lang='lat' dir='ltr'>et</span> <span class='ocrx_word' id='word_1_422' title='bbox 913 3872 1119 3936; x_wconf 84' lang='lat' dir='ltr'>Euhoeensihus</span> <span class='ocrx_word' id='word_1_423' title='bbox 1130 3886 1167 3939; x_wconf 91' lang='lat' dir='ltr'>sit</span> <span class='ocrx_word' id='word_1_424' title='bbox 1176 3888 1258 3956; x_wconf 85' lang='lat' dir='ltr'>laeta,</span> <span class='ocrx_word' id='word_1_425' title='bbox 1267 3896 1296 3945; x_wconf 88' lang='lat' dir='ltr'>et</span> 
     </span>
     <span class='ocr_line' id='line_1_46' title="bbox 204 3932 1296 4039; baseline 0.042 -54"><span class='ocrx_word' id='word_1_426' title='bbox 204 3932 368 4003; x_wconf 86' lang='lat' dir='ltr'>Philippum,</span> <span class='ocrx_word' id='word_1_427' title='bbox 380 3935 515 4003; x_wconf 86' lang='lat' dir='ltr'>omnibus,</span> <span class='ocrx_word' id='word_1_428' title='bbox 526 3956 589 4009; x_wconf 82' lang='lat' dir='ltr'>qum</span> <span class='ocrx_word' id='word_1_429' title='bbox 607 3942 665 3997; x_wconf 81' lang='lat' dir='ltr'>ficri</span> <span class='ocrx_word' id='word_1_430' title='bbox 679 3951 826 4017; x_wconf 88' lang='lat' dir='ltr'>potuerint,</span> <span class='ocrx_word' id='word_1_431' title='bbox 838 3957 950 4011; x_wconf 84' lang='lat' dir='ltr'>tentatis</span> <span class='ocrx_word' id='word_1_432' title='bbox 961 3964 990 4013; x_wconf 85' lang='lat' dir='ltr'>et</span> <span class='ocrx_word' id='word_1_433' title='bbox 1001 3966 1084 4033; x_wconf 85' lang='lat' dir='ltr'>ausis,</span> <span class='ocrx_word' id='word_1_434' title='bbox 1093 3968 1152 4039; x_wconf 88' lang='lat' dir='ltr'>ipse</span> <span class='ocrx_word' id='word_1_435' title='bbox 1164 3972 1238 4029; x_wconf 85' lang='lat' dir='ltr'>solus</span> <span class='ocrx_word' id='word_1_436' title='bbox 1248 3976 1296 4029; x_wconf 87' lang='lat' dir='ltr'>de·</span> 
     </span>
     <span class='ocr_line' id='line_1_47' title="bbox 204 4014 1293 4114; baseline 0.044 -49"><span class='ocrx_word' id='word_1_437' title='bbox 204 4014 313 4069; x_wconf 81' lang='lat' dir='ltr'>vincere</span> <span class='ocrx_word' id='word_1_438' title='bbox 323 4018 486 4087; x_wconf 79' lang='lat' dir='ltr'>nequiverit,</span> <span class='ocrx_word' id='word_1_439' title='bbox 494 4020 518 4089; x_wconf 89' lang='lat'><strong>5.</strong></span> <span class='ocrx_word' id='word_1_440' title='bbox 530 4026 660 4090; x_wconf 56' lang='lat' dir='ltr'>atr—734</span> <span class='ocrx_word' id='word_1_441' title='bbox 670 4028 754 4083; x_wconf 87' lang='lat' dir='ltr'>nihilo</span> <span class='ocrx_word' id='word_1_442' title='bbox 763 4032 851 4089; x_wconf 86' lang='lat' dir='ltr'>minua</span> <span class='ocrx_word' id='word_1_443' title='bbox 861 4040 951 4093; x_wconf 68' lang='lat' dir='ltr'>husen</span> <span class='ocrx_word' id='word_1_444' title='bbox 960 4046 1091 4114; x_wconf 88' lang='lat' dir='ltr'>populum</span> <span class='ocrx_word' id='word_1_445' title='bbox 1098 4051 1293 4111; x_wconf 81' lang='lat' dir='ltr'>Atheniensem</span> 
     </span>
     <span class='ocr_line' id='line_1_48' title="bbox 204 4095 1293 4193; baseline 0.044 -44"><span class='ocrx_word' id='word_1_446' title='bbox 204 4095 360 4153; x_wconf 83' lang='lat' dir='ltr'>mirabiliter</span> <span class='ocrx_word' id='word_1_447' title='bbox 372 4100 406 4155; x_wconf 89' lang='lat' dir='ltr'>de</span> <span class='ocrx_word' id='word_1_448' title='bbox 415 4118 457 4166; x_wconf 91' lang='lat' dir='ltr'>eo,</span> <span class='ocrx_word' id='word_1_449' title='bbox 468 4103 582 4174; x_wconf 87' lang='lat' dir='ltr'>ejusque</span> <span class='ocrx_word' id='word_1_450' title='bbox 591 4108 672 4161; x_wconf 89' lang='lat' dir='ltr'>rebus</span> <span class='ocrx_word' id='word_1_451' title='bbox 682 4112 765 4178; x_wconf 73' lang='lat' dir='ltr'>gestis</span> <span class='ocrx_word' id='word_1_452' title='bbox 778 4122 839 4183; x_wconf 88' lang='lat' dir='ltr'>post</span> <span class='ocrx_word' id='word_1_453' title='bbox 851 4122 978 4187; x_wconf 82' lang='lat' dir='ltr'>proelium</span> <span class='ocrx_word' id='word_1_454' title='bbox 995 4130 1031 4183; x_wconf 93' lang='lat' dir='ltr'>ad</span> <span class='ocrx_word' id='word_1_455' title='bbox 1045 4130 1222 4192; x_wconf 84' lang='lat' dir='ltr'>Chaeroneam</span> <span class='ocrx_word' id='word_1_456' title='bbox 1231 4154 1293 4193; x_wconf 84' lang='lat' dir='ltr'>seu-</span> 
     </span>
     <span class='ocr_line' id='line_1_49' title="bbox 202 4174 1291 4289; baseline 0.046 -61"><span class='ocrx_word' id='word_1_457' title='bbox 202 4174 278 4239; x_wconf 83' lang='lat' dir='ltr'>risse,</span> <span class='ocrx_word' id='word_1_458' title='bbox 289 4178 312 4247; x_wconf 90' lang='lat'>5.</span> <span class='ocrx_word' id='word_1_459' title='bbox 320 4184 433 4238; x_wconf 77' lang='grc'><strong>74-75,</strong></span> <span class='ocrx_word' id='word_1_460' title='bbox 467 4184 530 4241; x_wconf 77' lang='lat' dir='ltr'>lam</span> <span class='ocrx_word' id='word_1_461' title='bbox 542 4187 676 4244; x_wconf 78' lang='lat' dir='ltr'>fortunam</span> <span class='ocrx_word' id='word_1_462' title='bbox 688 4194 870 4265; x_wconf 81' lang='lat' dir='ltr'>civitatis,hoc</span> <span class='ocrx_word' id='word_1_463' title='bbox 882 4202 964 4258; x_wconf 85' lang='lat' dir='ltr'>totius</span> <span class='ocrx_word' id='word_1_464' title='bbox 972 4210 1043 4263; x_wconf 88' lang='lat' dir='ltr'>orbis</span> <span class='ocrx_word' id='word_1_465' title='bbox 1052 4217 1124 4268; x_wconf 84' lang='lat' dir='ltr'>statu</span> <span class='ocrx_word' id='word_1_466' title='bbox 1135 4218 1291 4289; x_wconf 83' lang='lat' dir='ltr'>miserrimo,</span> 
     </span>
    </p>
   </div>
   <div class='ocr_carea' id='block_1_3' title="bbox 204 4256 1292 4373">
    <p class='ocr_par' dir='ltr' id='par_1_3' title="bbox 204 4256 1292 4373">
     <span class='ocr_line' id='line_1_50' title="bbox 204 4256 1292 4373; baseline 0.047 -63"><span class='ocrx_word' id='word_1_467' title='bbox 204 4256 269 4311; x_wconf 87' lang='lat' dir='ltr'>satis</span> <span class='ocrx_word' id='word_1_468' title='bbox 281 4258 378 4316; x_wconf 80' lang='lat' dir='ltr'>bonam</span> <span class='ocrx_word' id='word_1_469' title='bbox 389 4280 597 4341; x_wconf 85' lang='lat' dir='ltr'>prosperamque</span> <span class='ocrx_word' id='word_1_470' title='bbox 606 4271 659 4328; x_wconf 86' lang='lat' dir='ltr'>dici</span> <span class='ocrx_word' id='word_1_471' title='bbox 668 4291 828 4347; x_wconf 87' lang='lat' dir='ltr'>posse,cum</span> <span class='ocrx_word' id='word_1_472' title='bbox 840 4283 978 4343; x_wconf 86' lang='lat' dir='ltr'>docuisset</span> <span class='ocrx_word' id='word_1_473' title='bbox 990 4290 1012 4358; x_wconf 89' lang='lat'><strong>5.</strong></span> <span class='ocrx_word' id='word_1_474' title='bbox 1022 4297 1066 4349; x_wconf 83' lang='grc'>76.</span> <span class='ocrx_word' id='word_1_475' title='bbox 1077 4296 1112 4351; x_wconf 85' lang='lat' dir='ltr'>ad</span> <span class='ocrx_word' id='word_1_476' title='bbox 1122 4316 1200 4357; x_wconf 88' lang='lat' dir='ltr'>suam</span> <span class='ocrx_word' id='word_1_477' title='bbox 1208 4301 1292 4373; x_wconf 86' lang='lat' dir='ltr'>ipsius</span> 
     </span>
    </p>
   </div>
   <div class='ocr_carea' id='block_1_4' title="bbox 0 0 1472 5000">
    <p class='ocr_par' dir='ltr' id='par_1_4' title="bbox 0 0 1472 5000">
     <span class='ocr_line' id='line_1_51' title="bbox 0 0 1472 5000; baseline 0 4"><span class='ocrx_word' id='word_1_478' title='bbox 0 0 1472 5000; x_wconf 95' lang='lat' dir='ltr'> </span> 
     </span>
    </p>
   </div>
  </div>
 </body>
</html>
