2934 5000
494 314 805 409 encunnnrnn.
1135 319 1189 376 nn

107 463 685 538 haihamma-,sentinam
703 483 782 522 sum
802 466 945 521 murrone
966 481 1031 520 enas
1051 469 1190 525 AEsobiuis

108 546 421 618 wntifleneeossposit,
437 555 479 615 ut,
495 553 604 621 quiem
621 555 737 621 uterque
753 547 1189 618 marcomannorum

107 623 270 696 prestitbrit,
289 629 428 698 30010ίο00
446 633 607 700 salustus,
620 634 644 702 ς.
661 635 775 689 vti—nl.
811 631 857 686 At
877 630 1012 686 numan
1031 629 1190 698 reipublicae

106 725 238 777 memus,
268 713 328 780 eius
352 716 536 770 calamitatem
558 718 693 782 omnibns,
714 717 762 786 qui
788 720 847 768 turn
877 715 1008 790 virerent,
1036 713 1190 768 bominibus

107 805 289 856 communem,
310 811 363 849 nec
385 797 436 849 sibl
457 799 628 852 tribuendam
649 815 716 865 esse,
738 797 856 851 ostendit
873 797 893 866 §.
913 789 1026 850 82-00.
1069 793 1190 850 Crimina

105 876 170 927 inde
189 881 218 928 et
237 876 361 930 convicia
380 877 409 930 in
420 878 475 930 vim
498 895 574 930 snam
596 877 704 932 dicendi
724 879 798 932 (licta
810 877 840 930 in
855 877 1036 930 adversarium
1055 892 1190 946 regeretis,

104 960 138 1009 ut
147 955 206 1026 ipse
221 959 265 1012 illa
276 959 311 1012 srl
330 958 485 1028 utilitatem,
497 959 639 1012 AEscbines
655 954 721 1013 ver'o
735 975 785 1014 sun
797 960 832 1012 art
843 959 986 1028 perniciem
999 959 1093 1027 patriae
1110 962 1139 1010 et
1155 957 1193 1013 su

104 1039 230 1093 inimicos
241 1041 411 1096 ulciscendos
422 1057 488 1094 usne
497 1041 540 1106 sit,
549 1041 573 1110 t.
588 1045 631 1094 04.
642 1043 737 1109 aperit,
747 1041 826 1110 cujus
835 1040 873 1094 rei
885 1039 1047 1094 nuncetiam
1059 1041 1194 1094 accusati·

103 1137 184 1173 onem
195 1123 441 1176 luculentissimum
450 1140 510 1175 esse
522 1125 687 1191 exemplum,
699 1121 722 1190 ᾗ.
732 1127 776 1175 85.
812 1119 882 1174 Inde
894 1120 1063 1176 uirtutesviri
1074 1123 1102 1173 in
1111 1121 1192 1178 rebus

103 1202 221 1270 publicis
229 1204 449 1258 administrandis
460 1204 590 1274 praeclare
599 1203 728 1256 vementis
741 1207 872 1264 recenset,
890 1201 932 1253 rui
945 1201 1134 1278 AEscbinisqno
1150 1221 1194 1260 ra·

105 1281 182 1335 tione
199 1282 302 1352 babitu,
313 1283 337 1352 i.
354 1287 485 1348 86-87.;
502 1283 623 1336 laudatio
638 1283 736 1350 proelio
745 1282 780 1334 ad
792 1281 969 1334 Chaeroneam
985 1298 1115 1338 creemurn
1127 1301 1193 1340 cuna

103 1364 189 1433 epulo
199 1363 304 1419 funebri
315 1381 363 1418 cnr
373 1366 425 1418 sibi
431 1363 603 1433 potissimum
615 1362 780 1422 demandata
789 1363 833 1429 sit,
843 1362 966 1431 exponit,
977 1363 1001 1430 ς.
1011 1368 1123 1420 08-00.
1141 1368 1195 1424 AE·

102 1445 208 1500 sobinis
219 1448 343 1519 ¹anirnrrnr
353 1464 372 1500 e
381 1447 522 1516 republica
532 1446 652 1500 alienum
663 1445 760 1513 carpit.
769 1445 791 1514 §-
802 1447 846 1500 00.
856 1445 1021 1512 crimenque,
1032 1451 1164 1516 tanqum
1175 1465 1194 1503 s

104 1525 227 1595 Philippi
241 1527 362 1594 partibus
379 1527 491 1592 steterit,
504 1527 613 1591 refutat,
629 1526 797 1595 proditorum
811 1525 926 1580 Graecim
944 1537 1085 1581 rensuum
1102 1543 1195 1597 agens,

102 1609 186 1675 §.en
1005 1625 1009 1632 ·

140 1689 186 1742 lts
196 1705 260 1744 cum
268 1707 320 1744 sna
328 1691 520 1756 oontlrmuset,
530 1689 683 1743 summarie
694 1689 844 1753 evertisset,
856 1689 996 1743 AEsobinis
1010 1705 1100 1745 meres
1111 1691 1196 1746 luota-

104 1787 161 1841 qus
172 1772 339 1841 erepublica
348 1773 519 1838 (1010010000,
530 1787 608 1826 susm
618 1773 701 1825 vitam
709 1765 819 1840 publice
829 1773 1010 1844 privatimque
1019 1777 1108 1828 sctum
1120 1775 1194 1829 urunt

104 1854 321 1907 leuue'crnstsm
330 1845 602 1924 ornandamqneesse
611 1853 793 1928 explenssset
804 1853 895 1906 omnis
906 1853 1076 1924 peremtione
1085 1857 1108 1925 i.
1123 1859 1194 1912 92-
1245 1873 1250 1878 ·

107 1939 168 1989 100.
178 1935 364 1989 inflammante
379 1937 612 2005 restingueutiqne
628 1934 771 1989 commode
783 1937 923 1990 concludit
936 1939 1032 1990 orator.
1069 1936 1194 1996 Breviter

103 2016 178 2068 enirn
196 2017 225 2067 et
241 2017 358 2083 grauiter
367 2021 497 2082 recenset,
510 2023 612 2086 quanta
625 2017 778 2072 constantin
797 2031 930 2071 summam
945 2019 1138 2086 rempublicam
1154 2039 1196 2077 re-

105 2096 219 2148 tinuerit
226 2099 307 2163 atque
316 2095 476 2162 detenderit,
484 2097 508 2166 i.
517 2101 575 2159 923
586 2098 686 2166 quibus
693 2097 828 2167 praesidiis
835 2115 894 2151 eam
902 2104 996 2154 contra
1002 2101 1122 2174 Philippi
1129 2121 1195 2174 opes

105 2175 246 2240 munierit,
257 2192 319 2245 quee
331 2177 466 2244 sapienter
474 2177 585 2246 inceptu
594 2176 670 2230 irrita
680 2177 747 2243 lieri,
757 2194 844 2246 coque
853 2178 992 2236 civitatem
1005 2183 1132 2250 recidere,
1144 2186 1196 2240 ior.

105 2263 193 2322 tonas,
205 2257 316 2311 inomni
328 2274 357 2310 ro
369 2256 528 2324 dominanti,
539 2259 672 2326 placuerit
685 2259 830 2334 §.bb-Ob.
866 2259 919 2312 His
928 2261 1064 2318 laboribus
1072 2267 1198 2334 egregiis,

106 2353 158 2408 pro
170 2338 258 2405 petria
267 2339 402 2406 susceptis
418 2343 500 2408 atque
519 2339 637 2408 perlatis,
654 2342 806 2409 oppositum
825 2341 949 2408 legimus,
959 2343 1101 2398 AEschirres
1112 2363 1197 2416 quam

106 2435 201 2488 segue,
210 2425 239 2474 st
251 2421 412 2474 malitiosum
428 2428 457 2474 et
466 2421 495 2474 in
506 2422 647 2475 civitatem
659 2421 818 2490 injuriosum
832 2422 918 2476 otium
937 2428 1114 2481 consumserit
1125 2429 1147 2496 ξ.
1160 2433 1197 2486 06

107 2507 189 2559 -07.
209 2503 278 2559 nibil
298 2519 408 2571 prorsus
422 2504 493 2557 bene
511 2503 669 2573 reipublice
687 2503 785 2557 iecerit
803 2504 827 2571 ξ.
841 2506 884 2559 07.
902 2504 1100 2562 benevolentiue
1118 2512 1195 2580 signa

107 2588 186 2643 nulla
200 2588 325 2653 0010001,
341 2592 371 2641 st
387 2586 512 2641 bostibns
530 2589 623 2641 omnis
645 2586 812 2655 mutuatus
834 2589 869 2640 sit
885 2588 907 2655 ξ.
930 2592 974 2643 07.
1011 2590 1110 2661 ltaque
1130 2612 1195 2665 ergo

105 2670 268 2740 0000000100
278 2670 510 2746 praeminentem,
525 2668 659 2737 msjorum
670 2669 952 2738 praestantissimorum
970 2673 1038 2724 nulli
1056 2688 1109 2727 non
1121 2692 1196 2730 oom-

106 2749 269 2819 pmnunnn
281 2748 440 2803 AEscbiuem
457 2764 523 2803 sero
540 2749 692 2803 deterrimis
709 2751 831 2819 priorum
848 2766 906 2804 erse
927 2750 1107 2820 simillimum
1125 2757 1195 2825 198
1250 2808 1254 2812 .

108 2833 190 2887 -00,
206 2846 289 2901 quern
309 2836 371 2901 post
391 2832 529 2885 ciuitatem
550 2832 707 2886 calamitate
733 2849 887 2902 oppressam
917 2833 1038 2888 hostibus
1063 2840 1194 2895 serviliter

109 2914 236 2982 blandiri,
247 2914 358 2969 obedire
369 2914 498 2979 ostendit,
515 2930 544 2967 se
553 2930 617 2967 vero
628 2915 690 2968 lorti
702 2916 792 2968 snimo
804 2916 931 2969 virtutem
943 2923 1025 2985 atquo
1037 2918 1199 2975 benevolen-

106 2998 175 3051 tiam
191 2999 220 3052 in
230 2996 425 3067 rempublicam
440 2999 554 3050 retinere
565 2994 588 3061 ξ.
603 3001 661 3049 100.
673 2996 849 3063 pessimorum
861 2997 960 3051 civium
974 3014 1062 3053 mores
1071 3018 1197 3059 aseneu-

109 3081 234 3151 tem,qui
245 3080 338 3132 alienis
346 3079 424 3131 malis
432 3077 577 3143 meeum,
589 3078 803 3147 servitutemque
813 3080 1001 3147 sempiternam
1012 3084 1139 3139 omnibus
1151 3104 1197 3142 vo·

107 3163 148 3216 tis
165 3164 307 3229 expetant,
316 3175 373 3229 qun
383 3158 499 3225 petriam
516 3156 556 3209 dii
566 3157 677 3226 propitii
689 3158 846 3227 explicitam
865 3164 946 3230 atque
956 3160 1096 3219 liberatam
1109 3168 1197 3234 pristi-

108 3259 157 3296 nse
178 3240 297 3295 libertati
320 3242 349 3293 et
368 3237 549 3293 incolumitati
563 3239 717 3304 restituant,
737 3240 782 3307 pin
804 3246 895 3295 mente
909 3246 1045 3309 precetur.
1064 3244 1087 3310 ς.
1110 3251 1194 3301 100-

412 3510 906 3549 w

152 3728 312 3789 LlBANll
333 3730 632 3793 ARGUMENTUM
654 3732 878 3795 ORATIONIS
899 3732 954 3793 DE
975 3732 1155 3796 CORONA.

145 3910 274 3956 limmsur
285 3906 483 3960 circummunisrst
489 3910 575 3961 Orator
581 3912 744 3971 Athenienses,
751 3915 842 3963 usitatis
852 3915 904 3965 istis
915 3931 942 3981 so
952 3913 1085 3965 manufactis
1092 3920 1116 3961 et
1126 3912 1196 3959 firmi·

114 3984 193 4033 nribus
203 3992 227 4030 et
236 3982 380 4042 melioribus,
391 3987 551 4036 berserolentis
561 4005 616 4051 erga
627 4005 700 4051 remp.
711 3998 781 4053 stqns
792 3990 815 4037 in
827 3990 926 4039 dicendo
938 3991 969 4047 ri,
980 3989 1050 4037 sicuti
1060 3989 1110 4049 ipse
1121 3988 1195 4049 loqui·

113 4068 227 4118 tur,non
243 4061 335 4109 saxis
350 4070 383 4110 st
399 4063 562 4112 luteribus
578 4066 717 4114 Athenas
733 4067 863 4124 muniri,
879 4067 935 4115 ssd
951 4064 1074 4126 mugnis
1091 4063 1195 4123 ⁰⁰Pii⁸

113 4146 145 4186 et
158 4134 366 4186 multitudine
381 4142 545 4201 sociorum,
561 4149 622 4190 tum
639 4150 718 4191 terra
734 4150 794 4189 tum
810 4144 884 4191 suari
900 4140 1093 4201 conquisita:
1112 4154 1194 4189 rerun-

116 4212 262 4277 tsmcnst'rsd
274 4214 437 4265 munimentum
458 4218 562 4267 manibus
577 4225 721 4265 exstructum
733 4234 779 4267 nou
791 4204 872 4279 purum
883 4211 1089 4263 eontulitoiritsti.
1122 4216 1195 4267 Libe.

50 4314 54 4320 ‚
114 4290 224 4335 100101οὴ
234 4286 295 4335 enim
306 4292 385 4340 multis
397 4292 421 4338 in
430 4292 489 4342 loeis
501 4310 589 4341 murum
599 4292 778 4341 Atheniensibus
790 4300 910 4354 postquam
926 4291 1051 4339 1001000000
1061 4289 1135 4341 risum
1151 4304 1196 4352 est,

116 4362 201 4412 delecti
213 4373 265 4412 sunt
280 4363 309 4413 sd
325 4368 349 4414 id
365 4384 447 4416 munus
463 4370 543 4418 decem
560 4368 612 4425 riri,
626 4384 656 4416 ex
667 4368 765 4431 singulis
780 4369 885 4415 tribubus
900 4364 996 4429 singuli,
1011 4380 1069 4429 quus
1084 4372 1196 4421 conficere
1263 4388 1264 4394 ¹

116 4442 236 4503 oporteret
252 4442 328 4500 operis
344 4442 498 4493 curationem:
516 4460 567 4493 uam
588 4452 692 4505 sumptus
709 4444 739 4491 tle
755 4444 849 4503 publioo
865 4442 942 4489 fiebst.
975 4444 1040 4491 Unus
1050 4444 1122 4505 igitur
1130 4462 1157 4495 ss
1166 4450 1196 4495 iis

645 4536 666 4575 Y
