2934 5000
268 335 329 417 sss
355 324 364 368 ³
657 314 928 411 rutenorum
951 303 1001 406 ι]

145 550 149 568 ·
266 511 358 573 manti
381 530 414 571 so
435 508 584 589 accepim
598 508 798 578 confitentem,
828 505 995 564 universum
1017 519 1176 582 expensum
1197 499 1271 560 mihi
1304 499 1399 558 Terre

265 605 311 666 nti
323 612 449 676 constet,
463 599 567 683 accipe
579 599 747 660 testimonia
758 597 789 658 st
801 596 902 658 recita.
931 605 935 612 '
964 633 969 640 -
986 588 989 606 '

491 902 496 920 ι
555 807 564 822 ’
617 824 628 857 t
682 825 949 886 rssrruomn.

309 975 358 1033 10.
379 972 511 1031 Arbitror
519 969 618 1049 igitur,
631 967 765 1039 Iudicas,
780 967 860 1057 quod
874 967 912 1026 ad
927 967 992 1026 hasc
1006 965 1120 1036 attinet,
1135 984 1187 1025 vos
1203 964 1277 1024 satis
1291 965 1389 1024 intei-

268 1065 464 1137 lexissa,'tum
476 1080 565 1142 quam
574 1059 667 1120 multa
679 1059 821 1133 iurentur,
835 1069 897 1118 tum
911 1057 1017 1138 quibus
1031 1057 1116 1117 malis
1139 1057 1254 1117 artibus
1269 1077 1387 1117 eorum

268 1157 469 1236 unnsquisque
491 1163 605 1214 utatur:
626 1163 716 1231 atque
735 1153 802 1212 hsac
822 1151 1034 1232 cognovissetis
1058 1151 1237 1220 accuratius,
1253 1149 1279 1208 si
1308 1149 1388 1208 mssn

268 1239 477 1308 testamcutum
491 1255 603 1324 apntra
616 1244 750 1304 refictnm
764 1244 811 1302 isti
828 1242 952 1303 reddere
965 1241 1136 1302 voluissent.
1178 1241 1261 1300 Nam
1277 1241 1313 1300 in
1330 1241 1388 1298 ssio

268 1339 428 1419 perscripta
440 1338 571 1410 suerunt,
585 1346 619 1396 ut
631 1327 699 1396 mea
709 1345 804 1396 mater
814 1335 949 1408 affirmat,
959 1333 1058 1394 omnia
1067 1353 1134 1412 quse
1144 1343 1231 1412 pater
1242 1332 1386 1412 reliquit,

268 1430 390 1491 ct‘unde
404 1430 503 1509 legata
526 1427 588 1488 istis
608 1427 791 1508 accipienda,
809 1437 841 1486 et
863 1427 965 1506 quanti
984 1425 1090 1485 domus
1111 1435 1192 1485 es'sat
1211 1425 1385 1506 eiocanda.

268 1523 357 1582 Nunc
370 1541 417 1582 me
430 1521 547 1582 tabulas
561 1529 743 1600 reposcente,
759 1517 877 1579 relictas
891 1537 958 1578 esse
971 1519 1100 1577 fatentur
1113 1514 1154 1576 illi
1168 1517 1307 1596 quidem,
1324 1519 1385 1578 sed

268 1633 319 1676 cas
333 1635 392 1673 non
404 1613 565 1695 proferunt.
607 1613 733 1673 Faciunt
746 1621 845 1672 autern
858 1612 924 1682 hoo,
939 1622 1002 1671 tum
1015 1611 1085 1690 quia
1098 1621 1215 1690 quantae
1224 1613 1384 1694 opessint

268 1705 388 1777 reiictm,
401 1726 476 1786 quas
496 1708 555 1787 ipsi
568 1705 758 1786 diripuerunt,
780 1704 878 1784 palam
894 1704 990 1763 facere
1004 1703 1118 1775 nolunt,
1131 1713 1193 1764 tum
1206 1723 1246 1763 ne
1261 1704 1383 1764 hahere

268 1802 367 1880 legata
379 1801 540 1872 rideantur,
558 1792 643 1880 'quod
656 1799 784 1878 alioquin
797 1801 861 1880 ipsa
877 1796 1003 1882 refacile
1011 1798 1265 1857 convincerentur.
1289 1797 1380 1876 Cape

268 1893 436 1954 testimonia
452 1894 602 1971 quomodo
616 1891 832 1971 responderint,
847 1909 883 1950 ao
894 1891 993 1950 recita.

681 2105 948 2170 TESTIMONIA.

269 2253 327 2311 Hic
348 2259 553 2310 matamentum
574 2271 641 2311 assa
665 2253 775 2312 sactum
790 2255 839 2323 ait,
854 2263 885 2313 et
906 2252 965 2312 duo
987 2253 1101 2340 talenta
1115 2249 1322 2331 Demophonti
1347 2263 1378 2312 et

269 2333 422 2422 octoginta
443 2344 538 2402 mitras
559 2343 608 2403 isti
627 2363 693 2402 esso
707 2339 795 2404 datas
815 2355 957 2404 testatur:
974 2335 1033 2403 ¹sed
1058 2343 1247 2422 septuaginta
1261 2343 1374 2412 minas,
1448 2419 1449 2430 ἵ

137 2466 141 2472 ·
269 2435 343 2515 quas
357 2435 552 2516 Therippides
563 2435 727 2517 'acceperit
743 2447 775 2496 ut
793 2447 823 2496 et
844 2455 985 2495 summam
1008 2436 1117 2496 reliotm
1136 2435 1330 2511 haereditatis,
1345 2449 1374 2495 et

268 2548 328 2607 quo
341 2539 429 2608 pacto
441 2528 547 2587 domus
561 2529 706 2589 alocanda
723 2530 777 2601 sit,
792 2530 972 2609 adscriptum
990 2526 1054 2599 e'sse
1069 2539 1166 2607 negat.
1209 2529 1277 2589 Nec
1290 2530 1371 2589 enim

267 2621 427 2700 eiespsdit
439 2622 503 2680 hac
514 2622 602 2681 etiam
616 2623 758 2683 confiteri.
801 2622 883 2701 Cape
896 2634 926 2681 at
941 2623 1025 2683 istius
1038 2622 1243 2683 testimoninm.

677 2837 949 2899 TESTIMONIA.

269 2979 328 3039 IIio
341 2980 437 3058 ipsum
455 2980 576 3056 quidem
596 2988 805 3039 testamentum
824 3000 889 3041 esse
902 2982 1011 3041 facturn
1025 2981 1139 3049 asserit,
1153 2990 1187 3039 ut
1210 2990 1365 3059 argentu-

268 3070 306 3129 de
323 3090 380 3129 aere
394 3078 425 3129 et
437 3070 515 3148 gaila
529 3069 683 3129 redactum
697 3071 882 3150 Therippidm
892 3072 1071 3145 redderetur,
1086 3072 1165 3151 quod
1178 3072 1203 3131 is
1219 3081 1323 3151 negat,
1337 3084 1367 3131 at

266 3162 327 3222 duo
339 3162 452 3223 talenta
466 3163 685 3243 Demophonti:
705 3164 744 3223 de
766 3165 811 3224 his
826 3184 894 3225 vero
907 3184 975 3243 quse
990 3164 1045 3223 sihi
1056 3164 1129 3223 data
1147 3164 1205 3225 sint
1223 3166 1366 3245 scriptum

267 3255 386 3334 quidem
399 3274 465 3315 esse
479 3257 530 3329 ait,
544 3275 576 3315 se
590 3276 660 3316 vero
673 3255 860 3317 consensisse
874 3268 973 3336 negat,
989 3266 1021 3316 ut
1039 3275 1077 3317 ne
1096 3258 1243 3336 accepisse
1263 3258 1364 3318 ridea-

267 3358 324 3408 tur.
345 3348 496 3417 Quantum
506 3358 603 3408 antam
613 3368 703 3429 opum
716 3349 848 3409 relictum
862 3349 949 3410 fuerit
959 3350 1015 3409 iste
1026 3349 1144 3409 omnino
1154 3368 1212 3408 non
1222 3350 1363 3421 declarat,

268 3460 303 3501 ac
315 3462 354 3501 na
363 3442 469 3503 domus
479 3442 598 3520 quidem
618 3428 833 3502 elocationem:
854 3462 921 3501 nam
935 3461 973 3501 na
990 3442 1016 3501 ei
1030 3442 1149 3521 quidem
1163 3441 1286 3522 expedit
1298 3442 1363 3501 hec

266 3554 383 3612 quoque
396 3536 538 3595 confiteri.

310 3627 357 3684 ll.
379 3625 576 3685 Nihilominus
586 3636 685 3688 tamen
704 3627 1055 3708 amplitudouroereditatis
1069 3638 1116 3689 est
1129 3627 1261 3699 evidens,
1269 3646 1362 3707 quan·

265 3730 353 3796 quant
371 3714 419 3774 isti
438 3734 501 3775 rem
519 3718 688 3779 semihoram
702 3720 897 3789 dissimulant,
912 3740 948 3779 ex
970 3730 1157 3790 testamento,
1171 3739 1231 3799 quo
1249 3730 1360 3780 tantam

265 3808 320 3870 sihi
335 3808 490 3889 pecuniam
503 3810 630 3889 legatam
640 3832 707 3871 essa
719 3814 843 3873 invicem
858 3814 1039 3874 confirmant.
1080 3814 1142 3882 Qui
1151 3814 1229 3875 e'nIm
1242 3814 1278 3873 de
1288 3834 1361 3892 qua-

264 3916 331 3963 tuor
343 3902 463 3965 trientis
472 3912 503 3963 et
515 3913 561 3963 ter
573 3903 652 3961 miiie
662 3902 818 3975 drachmis,
830 3907 886 3965 tria
899 3907 1010 3966 talenta
1023 3908 1105 3967 ethis
1115 3906 1196 3966 mille
1206 3905 1358 3965 drachmas

264 3994 366 4055 dotem
380 3996 478 4055 aitaris
491 3996 584 4067 dedit,
597 3996 680 4054 nitori
690 4002 693 4009 '
704 3998 891 4077 septuaginta
909 3992 1051 4059 miharum
1071 3998 1295 4069 usumfructum,
1307 4018 1358 4058 ne-

264 4089 335 4151 mini
348 4090 486 4169 proiecto.
495 4093 650 4149 obscurum
671 4099 727 4161 est,
742 4110 809 4149 eum
824 4111 883 4150 non
896 4092 935 4151 de
950 4094 1046 4171 parvis
1066 4092 1181 4171 opibus,
1196 4092 1250 4152 sed
1265 4092 1301 4151 de
1321 4092 1356 4151 iis

264 4201 338 4261 quas
351 4181 420 4240 mihi
436 4182 551 4261 reliquit
560 4180 652 4261 duplo
665 4182 834 4262 majoribus,
843 4184 893 4243 iila
906 4184 1074 4245 detraxisse.
1097 4184 1160 4243 Nec
1175 4184 1357 4262 enimutique

263 4294 312 4334 ma
330 4274 421 4333 filium
439 4293 597 4355 pauperem
610 4275 704 4336 voluit
717 4275 892 4354 relinquare,
908 4276 978 4337 istos
996 4298 1076 4351 vero,
1096 4277 1147 4355 qui
1169 4288 1241 4337 ante
1255 4276 1355 4336 divites

263 4363 397 4436 feserunt,
406 4367 602 4444 magis'etinm
615 4366 970 4447 collocupletare'roluit:
993 4368 1046 4429 ssd
1060 4378 1177 4449 propter
1192 4387 1279 4448 opum
1289 4369 1354 4428 mihi

258 4457 429 4526 relictarum
442 4462 632 4535 affluentiam,
651 4472 714 4523 tum
726 4461 912 4542 Therippidse
934 4471 1048 4547 tantum
1061 4462 1198 4542 argenti,
1216 4473 1277 4522 tum
1295 4460 1354 4522 De·
