2934 5000
625 268 671 329 ru
691 263 900 329 nruouuu
922 263 946 324 1.
1018 215 1039 294 Γ

653 515 924 582 TESTIMONIA.

241 691 421 752 Morindem
440 701 538 752 nutem
553 707 613 750 non
629 689 721 750 tuisse
734 689 865 767 inopem,
878 705 1007 767 nequeo
1020 695 1103 766 petre
1121 682 1202 744 hunc
1225 693 1363 744 oontss·

242 795 324 846 otum
338 783 376 842 de
393 783 545 862 msucipiis
559 783 649 843 stulte
668 801 736 854 esse
755 781 878 852 fectum,
899 778 1028 840 evidenti
1046 780 1131 857 signo
1140 777 1361 856 cognoscetis.

243 878 321 938 Nem
337 875 483 955 Aphobus
497 875 623 945 officina,
637 885 671 936 ut
683 894 719 936 ex
737 873 861 934 testibus
872 871 1034 942 audivistis,
1048 871 1087 931 ed
1104 889 1171 930 sese
1189 869 1359 940 translate,

241 989 332 1050 quum
348 969 437 1030 officii
450 979 543 1042 esset,
556 969 581 1028 si
595 969 662 1048 quis
676 968 751 1028 nlius
765 965 794 1026 in
803 983 867 1026 euru
882 965 1039 1047 quioqunm
1052 964 1187 1024 conferre
1200 962 1313 1034 veliet,
1322 971 1360 1022 ut

239 1059 305 1142 ipse
319 1063 427 1122 tutorio
440 1061 559 1122 nornine
571 1050 746 1141 prohiberet,
757 1078 811 1138 pro
825 1059 869 1119 hie
883 1057 1036 1138 mencipiis
1053 1055 1208 1116 Metione
1221 1055 1358 1133 quinge-

243 1174 298 1214 nns
312 1153 468 1214 drachmas
481 1155 544 1233 ipse
560 1153 719 1224 ioenerevit,
731 1171 807 1230 quus
821 1151 859 1212 eb
882 1171 918 1211 eo
933 1172 976 1222 se,
994 1160 1028 1210 ut
1041 1161 1153 1210 rectum
1166 1163 1359 1226 equumque

242 1249 341 1320 fuerit,
362 1248 471 1308 fatetur
493 1249 650 1327 recepisse.
692 1247 772 1306 Num
795 1245 866 1324 quid
887 1245 976 1324 igitur
999 1242 1127 1321 iniquius
1151 1241 1216 1300 fieri
1238 1250 1360 1320 potest,

244 1359 333 1420 quem
347 1359 401 1400 nos
415 1360 471 1400 neo
484 1339 558 1399 lucri
572 1359 610 1398 ex
631 1339 674 1398 eis
691 1337 832 1397 habuisse
845 1335 1013 1416 quicquam,
1026 1343 1057 1394 et
1075 1335 1141 1412 ipse
1152 1332 1285 1412 pignora
1299 1353 1359 1393 no-

113 1491 116 1500 .
198 1478 201 1486 ·
244 1433 302 1507 tis,
326 1433 376 1512 qui
390 1433 502 1512 priores
517 1430 734 1502 soenersvimus,
753 1427 893 1509 periisse:
915 1426 964 1486 isti
977 1445 1056 1496 vero,
1074 1427 1125 1504 qni
1142 1425 1310 1504 pecuniam
1326 1425 1357 1484 in

132 1534 142 1544 ‘
245 1535 346 1585 nostrs
357 1523 482 1607 pignore
495 1522 621 1583 eontulit
632 1523 722 1602 idque
734 1530 819 1581 tento
832 1531 963 1599 tempore
976 1527 1046 1596 post
1058 1515 1214 1587 sonitum
1227 1533 1358 1575 ussum

246 1635 337 1698 quent
349 1627 459 1677 sortem
472 1636 489 1676 e
502 1616 611 1676 nostris
624 1635 690 1675 esse
704 1615 879 1685 restitutam,
893 1609 1050 1671 nonullam
1064 1609 1103 1670 ihi
1117 1609 1246 1688 inopinus
1258 1610 1359 1668 obsti·

246 1710 354 1770 titisse.
395 1709 439 1768 Ut
456 1716 556 1768 sutem
573 1723 643 1768 sert
654 1723 703 1766 sne
723 1705 821 1765 dicere
834 1711 986 1784 apparent,
1006 1721 1079 1780 rupe
1093 1701 1302 1762 testimonium
1320 1719 1358 1760 ee

248 1801 352 1863 reoits.

643 2019 952 2085 TESTIMONIUM.

248 2169 316 2230 Jsm
335 2154 530 2242 considerate,
555 2177 697 2247 qnantum
716 2167 831 2246 urgenti
848 2187 866 2227 e
881 2167 1026 2227 lectorum
1048 2165 1138 2226 febris
1161 2164 1355 2228 suffusentnr.

214 2253 217 2258 ’
250 2261 456 2340 Quadraginta
464 2259 558 2321 mines
571 2259 667 2340 ipsum
674 2269 797 2332 sortem,
811 2270 957 2338 questum
967 2278 1019 2338 per
1026 2275 1132 2338 operes
1146 2257 1296 2318 decennio
1311 2258 1357 2318 ss·

249 2365 330 2416 etum
339 2354 532 2413 duotulents:
547 2372 617 2413 nem
627 2351 783 2412 duodecim
796 2351 940 2412 minorum
954 2351 1081 2412 reditum
1094 2369 1131 2412 ex
1144 2351 1186 2412 eis
1195 2351 1356 2430 quotannis

251 2445 431 2508 habuerunt.
473 2445 554 2505 Num
567 2461 689 2525 pervum
703 2443 843 2524 quiddam
854 2451 941 2525 etque
951 2463 989 2505 ex
1003 2463 1035 2505 re
1049 2446 1189 2517 obscure,
1201 2443 1285 2525 unde
1295 2444 1357 2503 fur·

251 2547 312 2597 turn
327 2539 425 2598 iecere
439 2539 479 2598 sit
488 2536 655 2618 expeditum
665 2538 678 2596 i
692 2557 728 2598 ne
741 2554 802 2597 non
811 2538 907 2618 potius
918 2538 961 2598 its
969 2539 1066 2619 palem
1077 2538 1134 2599 tris
1141 2538 1231 2598 ferme
1241 2538 1357 2599 tslents
1450 2560 1451 2571 ¹

252 2630 475 2710 surripuerunt?
496 2630 572 2697 Quoe
588 2631 658 2709 quie
674 2630 865 2691 communiter
873 2640 944 2693 sunt
956 2630 1081 2711 direpte,
1095 2631 1229 2691 trientem
1249 2632 1288 2691 sb
1297 2631 1356 2691 isto

252 2723 323 2783 mihi
334 2722 446 2783 restitui
461 2742 513 2803 pnr
526 2732 582 2782 est
1006 2787 1011 2794 ,

294 2819 324 2874 8.
344 2816 413 2875 Jom
436 2816 473 2875 de
487 2817 574 2875 ebore
586 2816 722 2893 ferroque
734 2814 848 2887 relicto,
866 2814 1001 2888 iudices,
1023 2814 1100 2875 iden
1114 2814 1176 2875 fere
1194 2814 1356 2877 meminsti

253 2918 342 2966 sunt:
363 2925 432 2965 nem
446 2907 512 2966 hren
525 2925 642 2984 quoque
655 2925 715 2965 non
728 2906 891 2985 proferunt.
933 2907 994 2975 Qui
1008 2917 1107 2967 nutem
1121 2905 1182 2966 fieri
1196 2917 1310 2986 potest.
1324 2920 1357 2969 st

253 3000 278 3059 is
291 3002 342 3078 qui
360 3010 406 3059 tot
419 3010 452 3059 et
463 3000 607 3060 lectorum
620 3010 651 3060 et
663 3001 827 3080 gladiorum
846 3002 946 3063 fabros
964 3002 1108 3081 possedit,
1118 3020 1179 3063 non
1193 3004 1285 3063 etism
1298 3004 1355 3064 fer·

254 3110 319 3154 rum
330 3104 361 3153 et
374 3093 447 3153 ebur
456 3092 625 3172 reliquerit?
644 3094 775 3153 Omnino
795 3105 875 3155 certe
893 3080 940 3155 es‘t
957 3112 1080 3155 neeesse
1094 3104 1125 3155 nt
1137 3092 1203 3154 her
1222 3094 1355 3156 nffuisse

255 3188 415 3251 Nsm'eine
437 3188 561 3249 muteris
580 3189 652 3268 quid
665 3190 761 3268 operis
784 3190 885 3249 ferere
897 3189 1084 3269 potuissent?
1112 3190 1186 3249 Eum
1200 3190 1293 3269 igitur
1305 3192 1357 3271 qni

229 3357 232 3361 ι
254 3283 381 3363 emplius
393 3281 610 3361 quinquaginta
620 3280 766 3361 mancipis
779 3280 911 3361 possedit
923 3292 955 3343 et
964 3281 1080 3342 duobus
1093 3282 1216 3362 opiiiriis
1226 3280 1355 3362 preterit,

255 3392 380 3455 quorum
394 3373 486 3434 nitere
498 3372 614 3433 oflioinn
624 3374 704 3435 uites
714 3372 799 3433 binus
813 3371 908 3433 minos
923 3372 1047 3452 singtilis
1060 3376 1211 3435 mensibus
1227 3374 1259 3434 in
1270 3376 1357 3449 ebur,

254 3468 422 3550 gledmrum
434 3467 548 3528 sobrios
560 3484 620 3529 non
638 3466 737 3528 minus
749 3483 839 3547 quern
860 3466 1036 3527 tantundem
1055 3484 1117 3529 uns
1133 3484 1205 3528 oum.
1220 3467 1299 3528 ferro
1311 3468 1357 3527 in-

254 3560 392 3638 sumpsit,
406 3558 512 3619 nomn
530 3560 602 3619 nihii
620 3560 775 3638 reliquisse
791 3560 916 3621 dicuntr
936 3576 972 3619 eo
993 3571 1136 3621 venerunt
1156 3560 1356 3640 impudentia.

255 3650 318 3712 seu
334 3666 387 3710 eo·
400 3665 460 3708 non
478 3650 629 3713 centem
645 3653 755 3726 uine,
769 3652 817 3713 ver
837 3668 874 3713 ex
895 3651 942 3711 nr·
964 3652 1035 3731 rpus
1056 3648 1141 3714 ente
1162 3653 1357 3733 pompinium
1452 3638 1453 3725 ζ

255 3752 369 3805 tentem
383 3751 478 3803 nutem
492 3759 561 3802 eum
574 3744 690 3827 oopism
706 3745 870 3824 reliquisse,
884 3755 917 3804 ut
938 3762 999 3805 non
1018 3745 1107 3806 modo
1126 3746 1190 3825 ejus
1204 3746 1358 3825 opificibus

256 3836 376 3896 abunde
386 3834 428 3896 sd
440 3851 517 3915 opus
528 3834 698 3896 tsoiendum
711 3846 891 3917 suppeteret,
905 3838 958 3897 esd
966 3838 1056 3897 etiem
1069 3839 1107 3897 sd
1121 3838 1273 3917 quibusvis
1286 3855 1358 3898 ren-
1452 3850 1453 3919 ξ

255 3929 398 4004 dendurn,
411 3929 482 3989 hino
506 3940 639 4010 apparet,
655 3930 735 4009 quod
750 3940 780 3991 et
797 3931 860 4011 ipse
878 3930 981 3991 vivens
995 3932 1136 4005 vendidit,
1150 3944 1190 4005 et,
1202 3942 1285 4012 petre
1293 3934 1357 4013 jem
1452 3928 1453 3977 ἐ

255 4022 410 4097 defuneto,
423 4023 599 4104 Demophon
613 4033 644 4083 et
663 4024 719 4085 iste
732 4044 770 4085 ex
789 4025 902 4085 sedibus
914 4025 949 4086 iis
962 4026 1013 4104 qui
1030 4025 1140 4086 uellent
1154 4026 1356 4087 vendiderunt.
1452 4014 1453 4025 ἶ

257 4116 356 4182 Quem
365 4115 458 4176 multe
467 4117 557 4196 igitur
569 4117 661 4177 fuisse
671 4118 773 4179 relicte
785 4128 1017 4179 consentaneum
1028 4128 1182 4199 estquum
1197 4128 1358 4181 encoustet

255 4222 318 4267 non
331 4210 420 4269 modo
439 4210 530 4271 tenus
543 4207 666 4271 officinis
679 4209 842 4283 suffecisse,
858 4211 912 4271 sed
925 4221 956 4271 et
969 4230 987 4271 s
1001 4212 1146 4272 tutoribus
1157 4212 1279 4273 seorsim
1291 4230 1357 4272 esse

259 4297 430 4362 divendits?
451 4300 533 4360 Num
547 4304 687 4380 peuoule,
709 4323 748 4363 sn
761 4322 831 4364 vero
843 4302 934 4385 louge
948 4304 1034 4385 pluro
1048 4324 1137 4384 quern
1148 4324 1216 4383 quse
1225 4305 1256 4365 in
1270 4322 1356 4367 noeu-

259 4390 374 4453 satione
384 4394 546 4474 perscripto
555 4392 645 4456 sunt?
666 4396 748 4475 Grpe
759 4394 825 4457 hee
838 4396 1015 4473 testimonis,
1025 4407 1056 4460 et
1069 4396 1115 4459 his
1125 4398 1226 4459 reoitn
