2934 5000
274 262 282 278 ’
315 305 320 312 ·
407 225 636 343 ¹ataviae-sus
658 279 880 342 uncrinus.
1140 280 1197 338 aar

16 455 19 482 ι
98 427 206 506 nebris
216 429 308 493 famas
321 429 363 490 illi
375 430 549 495 donationes
562 433 708 513 eripiatis:
730 453 770 494 an
778 453 839 494 non
846 435 916 512 jure
928 431 1041 513 optimo
1053 434 1198 512 vitupere-

15 555 17 576 ι
101 521 200 580 minii·
236 523 314 600 Quin
327 543 363 584 ea
381 543 497 604 quoque
511 526 549 586 de
562 545 654 586 causa
668 525 766 604 iniqne
778 536 883 605 agetur
895 545 963 586 cum
976 525 1111 587 Chabrias
1125 521 1196 594 lilio,

101 611 129 670 si
150 612 228 672 dono
240 614 421 691 spoliabitur,
436 617 514 694 quod
535 637 603 676 cum
625 637 703 696 steps
725 617 841 676 duxerit
862 617 1022 676 exereitum
1044 616 1197 686 Chabrias,

100 713 219 781 propter
231 724 299 767 eum
313 707 437 766 neminis
449 716 579 766 restrum
596 708 672 768 filius
688 708 817 787 pupillus
829 708 925 768 factus
939 717 996 778 est,
1008 707 1070 785 ipse
1084 705 1197 766 veroin

99 793 193 868 prims
206 803 292 854 aetate
305 807 388 874 patre
403 796 522 856 orbatus
546 807 600 867 est,
614 807 730 875 propter
754 800 819 874 ejas
840 798 955 875 insigne
974 797 1104 858 studium
1125 813 1196 874 erga

98 902 163 942 vos.
204 885 281 966 Nem
296 895 384 963 quam
397 906 494 946 caram
514 887 722 965 rempublicam
741 887 886 961 habuerit,
900 889 1045 948 verissime
1058 896 1198 948 consun-

98 971 267 1052 tissimeque
281 995 319 1034 ex
333 995 369 1036 eo
382 995 470 1054 posse
481 975 603 1053 intelligi
613 988 696 1054 puto,
705 978 785 1053 quod
798 997 866 1038 cum
876 989 907 1037 et
917 979 1071 1038 baberetur
1080 988 1110 1038 et
1120 986 1199 1038 esset

97 1064 161 1124 dux
171 1066 301 1126 omnium
318 1057 504 1126 cautissimus
520 1085 616 1143 neque
631 1065 790 1144 quicquam
808 1078 916 1126 temere
930 1069 1147 1146 aggrederetur,
1160 1087 1198 1126 ea
1231 1125 1234 1135 ,

13 1173 14 1180 “
96 1154 218 1215 solertia
229 1175 297 1216 cum
309 1156 393 1215 nobis
407 1157 569 1234 imperaret,
582 1173 633 1232 pro
643 1155 726 1214 vobis
737 1175 810 1214 usus
818 1164 882 1216 est:
902 1175 955 1234 pro
967 1177 999 1214 se
1010 1157 1074 1234 ipso
1087 1168 1196 1227 autem,

97 1267 170 1306 cum
184 1265 270 1306 suurn
284 1266 374 1307 cornu
388 1245 609 1324 periclitaretur,
623 1246 764 1323 neglexit,
778 1259 865 1323 atque
889 1248 1062 1306 occumbere
1084 1247 1196 1320 maluit,

97 1329 192 1414 quam
207 1337 332 1396 honores
347 1337 400 1395 sibi
414 1356 432 1395 a
444 1337 526 1398 robis
540 1338 674 1397 decretos
690 1336 880 1396 dedecorare.
920 1335 979 1396 Pro
992 1338 1098 1424 quibus
1111 1337 1197 1416 igitur

97 1427 152 1486 ille
173 1429 260 1487 rebus
279 1429 327 1488 rel
352 1429 547 1506 appetendum
574 1430 622 1488 vel
644 1429 907 1490 vincendum.eese
928 1429 1052 1500 censuit,
1070 1447 1119 1490 eas
1143 1449 1197 1488 nor
1298 1421 1304 1428 ’

98 1517 168 1595 ejus
187 1518 247 1576 filio
269 1517 446 1598 eripiemus?
473 1518 587 1597 Ecquid
608 1519 750 1590 dicemus,
772 1518 977 1586 Athenienses,
999 1539 1066 1578 cum
1087 1529 1199 1596 tropea

98 1608 220 1684 quidem
235 1609 376 1670 universis
389 1609 554 1669 hominibus
568 1610 598 1670 in
612 1617 947 1689 conspectueruntquoe
959 1608 1088 1669 iliadum
1103 1620 1199 1670 vester

98 1693 260 1776 imperator
272 1709 355 1759 esset
364 1701 455 1760 e'rexit
469 1721 477 1760 :
497 1701 682 1779 premiorum
705 1710 805 1759 autem
827 1719 893 1778 quae
906 1709 1061 1780 propterea
1073 1699 1115 1759 illi
1129 1701 1199 1760 data

99 1801 174 1850 sunt
186 1791 297 1870 aliquid
308 1791 476 1852 auferetur?
506 1790 553 1850 Aa
566 1811 625 1851 non
638 1790 711 1851 illud
725 1791 947 1850 considerabitis
959 1800 990 1851 et
1002 1789 1203 1870 perpendetis,-

101 1881 310 1952 Atbenienses,
326 1901 385 1942 non
399 1871 478 1942 nunc
491 1881 529 1942 de
551 1882 618 1962 lege
634 1880 779 1961 judicium
792 1882 863 1956 lieri,
878 1893 977 1942 utrum
990 1902 1027 1942 ea
1038 1881 1145 1955 valere,
1159 1903 1198 1944 au

101 1974 237 2050 abrogari
250 1973 373 2032 debeat:
394 1974 448 2034 sed
462 1975 499 2052 dc
513 1973 713 2054 rabientium
737 1974 768 2030 in
790 1985 941 2052 posterum
954 1974 1037 2034 vobis
1060 1975 1200 2036 beneficti

101 2063 221 2135 debeat,
247 2061 361 2120 necnei
410 2063 476 2137 Aga
499 2081 571 2138 cape
593 2070 624 2118 et
645 2064 930 2122 senatusconsultum
958 2064 1038 2140 quod
1063 2059 1199 2126 Chabrias

101 2153 215 2220 factum
228 2149 401 2212 est-Vide
415 2168 451 2211 ac
465 2149 673 2228 circumspicer
692 2168 762 2210 nam
784 2151 815 2209 id
838 2152 886 2214 bic
908 2151 1014 2211 alicubi
1034 2171 1100 2214 esse
1113 2175 1199 2238 opor-

106 2256 152 2306 tet
624 2253 633 2264 ’

149 2340 195 2397 lu.
218 2337 284 2415 Ego
304 2355 374 2396 rero
401 2333 489 2394 etiam
510 2335 568 2396 hoc
594 2333 718 2414 amplius
744 2355 798 2415 pro
825 2333 955 2395 Chabria
978 2334 1085 2394 dicam.
1125 2338 1199 2410 Vos,

106 2429 311 2499 Athenienses,
335 2447 402 2490 cum
422 2427 551 2506 quodam
570 2436 700 2506 tempore
726 2426 902 2508 Iphicratem
925 2425 1117 2497 honoraretis,
1138 2447 1199 2486 nou

105 2541 174 2583 eum
183 2521 279 2581 solum
292 2520 470 2593 honorastis,
484 2519 550 2592 sed,
567 2529 687 2599 propter
699 2519 792 2593 illum,
808 2520 979 2579 Strabacem
996 2518 1084 2579 etium
1097 2530 1128 2580 et
1141 2520 1199 2580 Po·

105 2615 267 2693 lystratum.
309 2615 358 2673 Ac
371 2604 474 2671 iterum
489 2631 558 2673 cum
568 2611 678 2671 donum
688 2610 797 2686 daretis
808 2610 972 2683 Timotheo,
984 2620 1103 2690 propter
1118 2611 1201 2671 illum

105 2707 195 2765 etiam
220 2704 395 2765 clearchum
417 2714 449 2763 et
465 2703 607 2781 quosdam
630 2702 705 2763 elios
727 2704 844 2763 civitate
868 2702 1009 2784 donnus.
1061 2700 1201 2770 Chabrias

106 2818 174 2859 vero
184 2799 244 2877 ipse
258 2797 337 2877 apud
351 2816 405 2856 ros
419 2796 581 2857 honoratus
590 2804 637 2853 est
655 2794 745 2855 solus.
789 2793 821 2853 Si
835 2803 896 2854 turn
908 2793 996 2871 igitur
1008 2811 1077 2853 curn
1090 2791 1210 2869 donum,

106 2900 282 2971 consecutus
294 2898 350 2959 est,
364 2888 496 2966 petiisset
511 2887 634 2957 avobis,
656 2894 690 2946 ut
710 2885 958 2966 quemadmodum
982 2894 1101 2965 propter
1123 2884 1202 2965 iphi-

106 2992 217 3043 cratem
239 2990 270 3039 et
291 2978 489 3052 Timotheum,
511 2979 687 3056 quibusdam
710 2976 907 3045 benefecistis,
927 2976 1021 3037 sicet
1045 2996 1100 3037 sua
1112 2996 1203 3042 causa

106 3068 317 3133 benencereris
330 3068 486 3145 aliquibus,
496 3068 547 3143 qui
568 3068 781 3127 immunitatem
804 3066 965 3138 consecuti,
978 3086 1058 3125 nunc
1080 3068 1202 3127 abistis

107 3166 149 3223 its
158 3159 350 3235 exagitantur,
364 3166 398 3214 ut
406 3166 524 3235 propter
538 3174 587 3215 eos
601 3157 813 3214 immunitatem
821 3156 946 3239 jubeant
959 3156 1092 3213 omnibus
1109 3154 1200 3235 eripi:
1230 3161 1236 3171 '

109 3270 209 3312 annon
223 3246 351 3311 similiter
363 3245 407 3303 illi
419 3245 449 3303 in
459 3263 497 3305 eo
511 3242 664 3321 gratificati
675 3242 803 3305 essetisi
823 3262 878 3320 ego
891 3240 1008 3321 quidem
1020 3242 1051 3301 id
1072 3245 1202 3307 arbitror.

108 3343 225 3411 Quibus
238 3336 326 3415 igitur
337 3345 453 3415 propter
466 3337 562 3413 ipsum
576 3335 685 3394 donum
698 3333 757 3393 hoc
771 3345 834 3393 tum
848 3332 1014 3404 dedissetis,
1022 3345 1138 3413 propter
1152 3356 1204 3398 eos

109 3452 189 3495 nunc
202 3428 285 3489 illum
306 3427 401 3505 ipsum
415 3425 597 3501 immunitate
612 3424 794 3505 spoliabitis?
816 3423 974 3484 absurdum
992 3422 1023 3483 id
1044 3435 1098 3485 est.
1140 3427 1205 3491 Nec

108 3525 186 3588 enim
206 3522 243 3581 dc
261 3518 343 3579 vobis
365 3517 405 3581 sic
426 3515 584 3577 existimari
597 3516 799 3586 conveniant,
811 3514 882 3573 dum
900 3514 1026 3573 recentia
1039 3516 1110 3575 etin
1131 3539 1203 3579 con·
1283 3559 1285 3564 -

108 3626 212 3697 spectu
226 3610 323 3672 adhuc
343 3618 412 3683 sunt
428 3606 581 3680 beneficia,
593 3606 807 3685 promptissime
821 3625 881 3665 uon
891 3615 1003 3665 tantum
1021 3608 1101 3686 ipsos
1114 3610 1204 3683 bene·
1276 3600 1281 3609 ’

109 3709 241 3770 liciorum
248 3708 396 3770 auctores,
406 3700 458 3759 ssd
472 3710 503 3759 et
514 3717 612 3758 eorum
628 3696 738 3758 amicos
756 3694 921 3756 honoretis:
943 3696 1031 3775 paulo
1052 3710 1120 3779 post
1133 3721 1204 3762 vero

110 3801 198 3863 etiam
208 3816 244 3857 ea
256 3812 323 3874 quoe
338 3790 407 3869 ipsis
423 3790 555 3862 dedistis,
569 3790 748 3869 eripiatis-

152 4006 598 4077 SENATUSCONSULTUM
619 4006 676 4065 DE
698 4004 897 4066 CHABRIAE
918 4002 1171 4080 noscamus.
1218 4064 1222 4073 ,

113 4174 197 4238 Quos
210 4170 308 4249 igitur,
320 4170 376 4231 nisi
397 4169 493 4247 legem
514 4162 594 4225 illam
614 4157 802 4239 abnegabitis,
818 4155 950 4217 afficiatis
972 4154 1086 4233 injuria,
1100 4166 1205 4233 praeter

8 4264 9 4269 ’
112 4263 170 4326 alia
193 4261 287 4323 multa
307 4280 374 4339 ques
396 4254 560 4327 audivistis,
581 4253 613 4311 hi
636 4260 715 4321 sunt,
727 4247 854 4327 judices.
896 4242 1086 4305 Considerate
1108 4260 1204 4309 autem

114 4356 193 4439 apud
207 4355 412 4436 vosmetipsos,
426 4352 451 4413 si
464 4349 513 4461 qui
534 4366 571 4407 ex
591 4334 837 4496 hhge,d³fun⁰fi⁸
860 4337 957 4457 aliquo
980 4348 1068 4417 pacto
1085 4338 1154 4418 quid
1175 4343 1206 4405 in
