2934 5000
230 303 240 314 '
348 323 984 386 nnxmrsnnssrsnnssrrons
1136 323 1275 393 eor

118 477 420 564 pspdidisseht,·nuoc
438 481 500 560 jem
522 479 610 542 etiarn
629 480 793 543 libertatem
807 479 854 543 ‘eis
876 481 1012 561 eripurnt
1053 480 1131 542 Nam
1144 499 1216 560 qno·

116 571 238 630 rrindanr
257 591 294 648 ιι
312 573 356 632 eis
372 589 455 634 arces
470 574 651 648 Macedones
664 574 810 654 presidiis
824 584 979 654 occupant
1021 573 1057 633 lo
1071 571 1218 654 Pelopon·

116 680 219 723 ossum
233 675 330 725 autem
342 666 484 746 ingresse,
499 667 595 728 cedes
606 667 672 728 illas
687 668 774 740 Eihde
785 668 955 741 concitaris,
968 677 1001 727 et
1013 685 1050 728 ea
1061 668 1217 747 iniquitate

115 763 145 812 et
158 755 272 816 insania
285 755 414 818 miseros
425 758 493 818 illos
507 758 646 836 implerit,
656 757 705 832 Ιιιι,
718 779 780 837 qno
792 759 920 820 aliialiis
935 760 1089 839 imperent,
1103 758 1134 818 et
1143 757 1217 819 Phi·

114 845 194 926 lippo
207 849 418 926 gratificentur,
428 859 620 928 cognatorum
636 847 753 910 soornrn
769 851 915 912 ateiriom
926 852 1012 913 erede
1025 871 1058 912 se
1072 851 1217 932 polluant

116 939 163 998 Ac
177 959 214 998 ne
224 939 273 1014 hic
283 939 401 1020 qoidern
415 960 462 1000 res
477 939 567 1013 stetit,
583 942 636 1002 sed
651 942 808 1002 hrcediem
819 943 963 1023 ingressa,
974 944 1073 1004 omnia
1080 943 1141 1003 illic
1153 941 1217 1002 sur·

116 1048 181 1088 sum
201 1031 397 1111 deorsumque
410 1033 506 1093 vertit.
549 1033 588 1094 Et
600 1051 684 1094 nuno.
692 1034 843 1094 Arcadum
856 1037 953 1106 molti,
969 1053 1037 1096 cnm
1057 1054 1109 1096 eos
1132 1034 1217 1096 hher·
1260 1037 1266 1045 '

115 1123 206 1180 tatem
219 1121 316 1183 faeere
329 1125 446 1184 maximi
461 1134 604 1204 oporteat,
623 1143 709 1203 reque
722 1136 757 1185 ιιι
770 1126 931 1198 ros‚-soli
944 1127 1022 1186 enim
1035 1146 1089 1186 ros
1104 1146 1142 1187 ex
1154 1145 1217 1187 om-

115 1211 213 1286 nihus,
227 1224 259 1273 et
269 1214 504 1295 iiii‚saborigines
519 1215 642 1288 estis-,
657 1215 824 1297 Philippum
837 1218 1028 1291 admirantur,
1041 1228 1073 1278 et
1083 1237 1178 1279 ereas
1190 1221 1218 1278 ei

114 1312 228 1364 statuas
241 1306 366 1382 erigunt,
377 1316 408 1367 et
420 1327 544 1368 coronas
554 1309 728 1380 decernunt,
744 1310 883 1389 denique,
898 1311 923 1370 si
937 1310 968 1368 in
982 1309 1218 1388 Peloponnesum

115 1394 191 1465 ierit,
205 1415 272 1454 enm
285 1398 400 1475 oppidis
410 1399 539 1477 recipere
549 1398 751 1460 decreverunt.
788 1400 901 1460 Eadem
914 1410 945 1460 et
957 1400 1131 1478 Argivorum
1145 1401 1218 1462 ratio
1282 1391 1291 1406 ’

116 1494 171 1544 ιιι.
197 1487 400 1549 Haecmedius
414 1489 513 1561 fidius,
523 1490 548 1549 si
562 1493 637 1550 serio
651 1490 802 1572 agendum
814 1502 870 1564 est,
882 1511 941 1552 non
955 1510 1077 1572 parram
1090 1493 1218 1571 pruden-

115 1575 187 1636 tiam
199 1578 369 1657 postulant}
391 1582 500 1658 passim
520 1582 597 1640 enirn
611 1577 772 1662 perrag'sta
786 1583 849 1642 lues
861 1582 915 1642 ille
925 1583 1014 1643 etiam
1027 1583 1085 1642 huc
1099 1577 1218 1656 introiit,

25 1655 50 1754 *³
115 1668 318 1731 Athenienses.
342 1673 421 1732 Dum
432 1675 520 1753 igiter
532 1675 563 1732 in
577 1683 642 1739 tuto
657 1673 738 1748 estis,
752 1686 863 1743 οιιιοιιι,
877 1685 909 1735 et
921 1674 1032 1755 eosqui
1044 1673 1124 1736 illam
1136 1675 1219 1755 primi

114 1761 349 1835 introduxerunt,
368 1765 465 1844 cogite
488 1765 517 1824 in
541 1765 688 1834 ordinemr
713 1767 795 1844 quod
808 1767 834 1826 si
847 1767 1047 1846 neglexeritis,
1061 1768 1167 1838 videte,
1181 1786 1219 1828 ne

115 1863 175 1914 turn
186 1851 299 1934 eequis
320 1875 398 1918 nunc
412 1859 488 1930 dico,
502 1867 583 1922 recte
597 1857 678 1918 dicta
690 1877 756 1918 esse
768 1859 933 1932 rideantur,
946 1879 1016 1919 curn
1037 1859 1150 1918 nollunt
1172 1879 1219 1920 rev

115 1965 180 2006 rum
193 1957 354 2008 vestrarum
368 1951 482 2010 initium
496 1952 656 2030 reperietis.

156 2041 207 2098 75.
227 2039 296 2098 Non
310 2033 438 2112 cernitis,
450 2041 652 2114 Athenienses,
662 2038 751 2121 quani
765 2043 885 2102 evidens
895 2055 926 2103 et
934 2044 1046 2104 illustre
1054 2046 1220 2124 exemplum

115 2130 155 2189 rit
168 2130 197 2188 in
215 2131 335 2190 miseros
353 2126 508 2211 Olynthios
521 2132 651 2192 editum?
670 2133 722 2211 qni
736 2132 818 2194 nnlla
834 2135 893 2193 elie
905 2155 935 2194 re
952 2137 1046 2214 magii
1055 2154 1145 2213 qnam
1157 2136 1218 2196 isti-

116 2220 233 2282 usnrodi
255 2221 340 2280 iactis
364 2223 521 2300 perierunt.
561 2217 655 2300 quue
671 2241 708 2282 ex
721 2242 822 2284 eorum
835 2226 988 2286 eventibus
1000 2229 1139 2303 cognosci
1153 2239 1220 2304 per·

117 2311 219 2391 spi'oue
229 2307 336 2416 potest.
358 2307 493 2381 Quicum
504 2314 735 2418 quadringentos
746 2313 892 2374 duntarret
899 2310 1013 2395 eqriites
1024 2317 1176 2391 haberent,
1190 2331 1221 2378 et

114 2401 241 2462 universi
254 2421 318 2462 non
326 2402 426 2496 plores
441 2423 563 2466 numero
572 2405 717 2494 quinque
710 2404 831 2494 millium
842 2416 949 2476 essent,
961 2415 1118 2484 antequam
1129 2409 1220 2470 Chal

116 2494 278 2555 cidenses'
269 2516 300 2556 ιιι
314 2516 407 2555 unum
425 2487 524 2557 ioeiim
538 2495 755 2570 convenissent,
768 2518 787 2557 a
800 2497 1030 2559 Lacedremoniis
1053 2499 1135 2579 petiti
1157 2521 1219 2562 ma·

116 2588 218 2668 gniset
226 2588 433 2693 pedestribus
421 2598 452 2649 et
461 2588 615 2665 navalibps
625 2588 729 2667 copiis,
731 2579 865 2649 ss-'nostis
877 2591 956 2650 eninr
964 2591 1022 2651 hoe
1032 2591 1219 2665 hauddubie,

19 2670 24 2679 “
115 2678 193 2740 terre
206 2680 334 2759 marique
343 2690 377 2739 ιιι
390 2674 492 2760 perrois
505 2652 611 2753 diceris,
624 2680 683 2742 iliis
697 2670 896 2761 temponhns
887 2685 1068 2762 imperitasse
1078 2684 1219 2747 Laceda-

117 2772 282 2843 oionios-,
293 2784 392 2832 tamen
407 2773 494 2833 tantis
505 2772 668 2853 oppugnati
681 2773 784 2852 oopiis,
795 2792 892 2853 neque
900 2778 1003 2835 urbem
1014 2795 1099 2837 suam
1102 2796 1218 2868 ,neqrm
1268 2853 1271 2859 ι
1299 2828 1311 2838 ,
1383 2845 1386 2854 ,

116 2864 270 2925 easteilonr
279 2862 371 2923 ullum
385 2866 555 2938 amiserunt,
568 2864 620 2925 sed
635 2856 778 2946 etpraelia
787 2856 883 2929 inulta
895 2867 1038 2943 vicerunt,
1046 2881 1077 2929 et
1089 2870 1173 2930 tres
1163 2890 1218 2929 rm-

116 2968 265 3038 peratores
278 2950 459 3029 occiderunt,
474 2968 505 3018 et
503 2974 621 3037 paoem
633 2958 760 3039 denique
773 2979 810 3019 ex
824 2960 913 3019 animi
927 2960 972 3021 sui
987 2962 1218 3023 senoeotisseee·

116 3061 194 3111 runt.
209 3050 410 3127 Posteaquam
418 3060 516 3109 autern
519 3051 648 3137 quidem
662 3062 816 3131 acceptare
828 3070 950 3115 munera
962 3045 1124 3133 emperirnt,
1137 3064 1217 3115 etex

117 3141 314 3233 simplicitate,
325 3160 359 3199 ae
370 3142 467 3219 potius
478 3128 655 3214 calamitate,
665 3142 731 3203 illos
745 3132 1218 3224 fidelioresexistimaritpopulns,

117 3250 208 3312 qnam
229 3232 331 3309 pstrire
352 3232 499 3291 studiosos
520 3241 552 3291 et
572 3232 751 3307 defensores,
776 3254 844 3295 curn
864 3236 1030 3296 Lasthenes
1049 3235 1130 3295 aedes
1149 3254 1218 3297 snas

117 3323 252 3385 contexit
276 3317 363 3401 lignis
390 3322 469 3381 dono
491 3322 623 3383 allatise
646 3324 836 3398 Macedonia,
859 3336 890 3386 et
908 3324 1107 3420 Euthycrates
1127 3328 1218 3389 bores
1291 3353 1294 3357 ⁴

116 3417 229 3477 multos
242 3415 324 3488 aluit,
343 3416 437 3495 pretio
452 3415 560 3475 nemini
574 3426 735 3488 numerato,
751 3428 782 3475 et
796 3417 870 3476 alius
882 3406 988 3494 aliquis
1007 3436 1077 3476 oves
1091 3417 1218 3496 edrexit,

118 3510 193 3569 nlius
204 3527 308 3587 equos,
322 3527 389 3567 cnm
403 3508 562 3587 populnss
555 3527 584 3565 ιιι
605 3508 690 3587 cnjus
709 3507 761 3567 illa
774 3507 908 3580 fraudem
920 3508 1040 3580 fiebant,
1057 3529 1116 3568 non
1129 3514 1218 3575 modo

118 3620 178 3661 non
203 3600 385 3671 irasceretur,
412 3608 465 3658 aot
489 3598 521 3658 id
544 3618 636 3677 genus
654 3597 813 3658 hominum'
821 3586 946 3678 puriiret,
970 3599 1025 3659 sed
1045 3602 1219 3685 suspiceret,

117 3690 304 3773 prediceret,
313 3694 509 3764 veneraretur,
522 3690 600 3750 viros
621 3690 757 3770 putare'tr
787 3708 855 3751 cum
873 3690 969 3769 igitur
984 3712 1022 3753 ee
1041 3693 1083 3753 ita
1104 3709 1219 3755 cresce·

118 3796 194 3857 rent,
204 3794 235 3845 et
243 3784 412 3861 lergrtrones
425 3782 640 3843 invalescerent
642 3802 797 3861 qnamrrs
806 3783 919 3863 eqoues
927 3785 1009 3847 mille
1021 3785 1174 3855 heberent,
1189 3798 1221 3847 et

118 3878 217 3957 plures
237 3885 339 3936 essent
359 3894 391 3935 x.
412 3875 550 3949 millibus,
565 3886 676 3935 etcum
694 3874 822 3936 finitimis
844 3876 979 3936 omnibns
992 3878 1132 3936 societate
1145 3891 1219 3935 oon

102 3970 230 4051 -juncri,
232 3968 368 4049 quemme
390 3970 444 4028 ros
458 3970 509 4029 eis
523 3968 619 4029 decies
638 3966 719 4027 mille
739 3966 936 4038 conductitiis,
954 3976 986 4026 et
1003 3966 1168 4025 triremibus
1189 3979 1220 4025 ιι

120 4082 205 4143 opero
216 4060 365 4132 tulissetis,
379 4070 410 4121 et
420 4064 522 4140 qirater
536 4060 616 4121 mille
626 4070 769 4141 preterea
778 4060 900 4131 eivibos,
912 4057 985 4117 nihil
999 4056 1142 4115 horum
1116 4076 1160 4116 ers
1172 4078 1219 4119 se·

119 4155 174 4215 luti
193 4156 260 4213 esse
275 4154 382 4233 potirit,
404 4154 458 4213 sed
476 4154 646 4233 priusquam
667 4152 738 4212 beili
759 4170 853 4211 annos
871 4150 972 4215 exiret,
995 4147 1104 4224 oppida
1122 4150 1221 4210 omnis

123 4245 301 4307 Chalcidice
316 4245 434 4306 ditionis
456 4247 615 4325 proditores
633 4243 834 4324 perdiderunt,
851 4260 907 4301 neo
929 4238 1113 4317 Philippus
1101 4260 1164 4320 Jam
1181 4245 1220 4305 ed

123 4346 232 4397 notum·
240 4337 420 4416 proditorum
439 4348 546 4417 presto
567 4354 633 4396 esse
656 4335 763 4414 potuit,
782 4351 881 4412 neque
897 4330 991 4400 scirit,
1012 4332 1084 4408 quid
1096 4334 1221 4414 primurn

121 4441 289 4510 occupsret,
311 4440 344 4490 et
364 4430 541 4509 quingentos
560 4428 676 4504 equites
697 4428 735 4485 sb
761 4424 833 4503 ipsis
855 4423 979 4483 dranus
991 4423 1129 4502 ‹proditos
1153 4446 1220 4487 cnm
