2934 5000
550 280 606 343 DE
625 277 810 340 CORONA.
834 271 838 278 ’
1170 269 1231 330 119

134 427 278 515 habebas,
290 430 371 509 quod
384 429 480 512 legem
498 432 713 495 trierarchicam
730 429 925 493 labefactatis.
966 428 1074 488 Verum
1082 443 1124 484 ιιι
1141 422 1244 484 alium

135 541 181 582 ex
190 523 249 582 elio
270 541 431 584 sermonem
446 525 565 586 trcbens
578 526 637 586 ab
629 524 763 586 instituto
777 532 886 584 memet
898 521 1052 602 excutiens,
1064 517 1154 576 missu
1167 514 1246 574 hoec.

135 614 273 675 neum.-
294 615 395 694 Atqui
402 636 462 678 non
475 618 528 678 tibi
545 619 738 696 indigentiam
752 616 900 676 obstitisse
912 612 1068 693 quominus
1079 607 1232 689 pecuan

134 705 166 771 ἰιι
188 726 280 786 remp.
304 707 463 783 conferres,
484 729 520 771 cx
534 710 580 770 his
598 710 782 813 perspicuum
795 717 851 782 eal,
864 694 917 768 sed
930 703 1011 786 qnod
1022 702 1127 764 sedulo
1146 717 1232 760 ceve-
1239 697 1242 706 ‘

112 813 120 821 ·
134 817 241 870 resne
255 799 328 878 quid
345 801 399 858 abs
418 801 554 873 tederet,
571 800 687 879 quod’'
668 819 705 862 us
717 803 838 862 obesset
858 817 982 877 quorum
1001 793 1117 856 arbitrio
1134 787 1233 852 omnia

134 889 165 948 1ιι
187 891 339 969 republica
361 893 494 969 gerebas.
540 891 576 950 ln
595 892 701 970 quibus
720 894 810 972 igitur
830 901 863 951 ιιι
883 893 968 951 rebus
984 889 1028 948 vir
1049 885 1130 946 sorus
1152 902 1183 944 es
1203 889 1234 941 et

135 985 256 1063 quando
282 985 480 1064 magnificus?
521 986 578 1046 Ubi
593 995 696 1046 contm
715 987 807 1046 hosce
827 985 937 1063 eliquid
951 981 1108 1042 dicendum
1122 978 1169 1051 sit,
1182 975 1232 1036 hic

133 1084 167 1136 ιιι
172 1068 365 1136 clarissimus
379 1096 461 1153 voce,
475 1078 632 1138 scerrimus
645 1096 678 1138 cs
691 1078 842 1148 memoris,
857 1085 937 1137 ector
950 1073 1087 1156 optimus,
1103 1071 1231 1152 tragicus

134 1167 323 1229 'llreocrinen
708 1192 711 1199 ⁴
1192 1193 1197 1202 ·

176 1261 227 1317 98
249 1259 364 1319 Deinde
377 1261 562 1321 clarorum
535 1281 662 1322 surorum
675 1283 727 1342 qui
717 1263 812 1324 olim
825 1263 945 1324 fuerunt
958 1261 1133 1322 mentionem
1147 1256 1233 1316 fecis.

135 1351 182 1408 Ac
194 1349 296 1427 pulcre
307 1350 392 1410 lacis.
433 1352 633 1414 Veruntamen
641 1373 827 1458 nequaquem
839 1373 958 1460 equum
965 1363 1020 1422 est,
1026 1350 1232 1417 Athenienses,

136 1450 282 1518 occupata
298 1459 411 1520 eaque
422 1461 476 1502 vos
496 1444 654 1506 defunctos
668 1445 879 1523 prosequimini
871 1429 1118 1514 '.benevolen'tia‚
1122 1459 1169 1498 rue
1180 1436 1240 1540 qui·
1297 1517 1301 1526 ,

135 1531 327 1592 vobiscum'
301 1552 367 1593 vivo
390 1553 458 1594 cum
485 1534 542 1595 illis
563 1555 739 1615 componere
760 1546 791 1597 et
808 1553 988 1614 competere.
1030 1531 1142 1608 Ecquis
1156 1528 1235 1590 euim

134 1624 300 1684 mortalium
314 1626 421 1698 nescit,
432 1624 504 1684 vivis
518 1627 652 1686 omnibus
672 1627 784 1705 uliquid
808 1627 875 1706 plus
897 1625 1030 1684 minusve
1050 1638 1236 1684 succrescere
1305 1687 1307 1690 ¹

133 1715 263 1788 invidie,
270 1708 303 1774 in
316 1725 448 1776 mortuos
460 1727 559 1776 autem
571 1736 609 1777 ne
617 1718 799 1781 inimicorum
807 1717 928 1795 quidem
938 1715 1036 1776 odium
1046 1709 1233 1793 pemancrel

136 1808 211 1867 Huc
225 1807 313 1886 igitur
325 1826 395 1866 cum
413 1808 454 1866 1ιι
476 1807 535 1867 sint
554 1819 661 1869 namra
683 1817 861 1888 comparem,
881 1827 950 1870 cum
972 1808 1008 1868 iis
1028 1807 1164 1885 quiante
1186 1823 1235 1863 ms

134 1900 726 1978 tixemntcomponaregoetspectaborl
768 1900 911 1962 Minime:
935 1908 1114 1976 nemusque
1119 1897 1241 1976 justum·

135 2011 231 2069 neque
244 2009 363 2068 equum
376 1999 433 2062 est,
451 1990 598 2061 dischine,
612 1993 666 2052 sed
680 1978 778 2053 ιιιιιιιι
798 2001 830 2052 et
849 2011 917 2052 eum
931 1989 1034 2069 quouis
1047 1989 1104 2062 elio
1117 1987 1234 2048 illorum

136 2080 187 2162 qui
207 2091 259 2140 tua
275 2079 399 2141 consiliu
412 2090 554 2157 tuumque
566 2081 634 2140 vites
647 2102 743 2159 genus
755 2092 972 2142 consectantur.
1000 2080 1106 2140 *Simul
1119 2081 1149 2140 id
1162 2099 1240 2140 com·

135 2173 243 2234 sidera.
285 2171 390 2231 Utrum
399 2171 550 2232 honestior
563 2191 599 2232 ae
614 2172 717 2233 melius
729 2173 768 2232 sit
785 2171 965 2250 reipublicae,
975 2180 1090 2256 propter
1103 2181 1234 2232 veterum

136 2265 290 2338 beneficia,
304 2285 372 2344 qum
392 2275 462 2325 sunt
482 2264 636 2336 immensa,
649 2285 704 2325 nec
726 2265 821 2345 possit
839 2263 896 2323 dici
918 2273 1038 2343 querite,
1051 2282 1087 2322 ea
1099 2282 1165 2340 ques
1177 2265 1235 2323 hac

60 2346 76 2356 “
138 2368 228 2420 etate
244 2357 434 2417 conteruntur
453 2357 569 2436 ingrato
591 2358 689 2418 enimo
711 2367 743 2420 et
766 2356 945 2418 contumelia
961 2355 1136 2434 rependere,
1149 2355 1236 2416 anxiis

136 2450 282 2522 omnibus,
297 2449 349 2530 qui
365 2449 504 2510 benevole
518 2449 676 2531 quicquum
687 2448 899 2530 praestite'ruut,
914 2446 1031 2509 honoris
1050 2445 1129 2526 apud
1145 2447 1235 2509 hosce

137 2553 169 2603 et
179 2542 368 2621 benignitatis
381 2542 508 2602 fructum
525 2542 695 2622 imperu'rel

153 2637 220 2694 ..99
241 2634 370 2709 Atenim,
385 2654 411 2695 ιι
401 2634 687 2718 mrhrbocquoque
704 2638 863 2699 dicendum
877 2648 931 2713 est,
945 2656 1010 2699 mec
1023 2636 1094 2715 reip.
1109 2636 1241 2708 admini-

138 2727 267 2787 stranda
280 2728 354 2797 ratio
366 2745 525 2807 meumque
538 2730 718 2805 institutum,
731 2732 758 2793 si
772 2733 836 2809 quis
851 2740 930 2791 rente
942 2729 1118 2800 consideret,
1134 2749 1273 2791 eorum

137 2820 189 2900 qui
201 2812 264 2879 tum
276 2820 472 2879 laudabantur
485 2820 620 2880 institutis
634 2812 866 2883 consentaneum
879 2842 943 2883 esse
952 2821 1088 2899 idemque
1101 2832 1235 2901 spectare

136 2912 304 2992 reperietur,
318 2923 400 2972 tuum
413 2923 517 2975 sutem
523 2908 640 2974 illorum
654 2916 705 2994 qui
717 2924 789 2976 tunc
804 2914 914 2975 tales
888 2934 964 2975 ιιιοι
977 2916 1130 2975 calumniis
1144 2935 1234 2996 appe-

136 3007 259 3066 tebant:
279 3013 398 3064 constat
410 3006 487 3065 enim
505 3008 663 3069 nonnullos
685 3009 773 3069 etiam
795 3008 852 3068 illis
873 3006 964 3067 fuisse
976 3008 1164 3086 temporibus,
1183 3011 1234 3088 qui

60 3134 67 3147 ι
136 3116 200 3156 sues
210 3095 305 3155 mtads
319 3095 451 3156 homines
465 3098 697 3170 insectabantur,
715 3109 829 3160 veteres
854 3109 950 3159 eutem
965 3095 1135 3169 laudabant,
1149 3102 1235 3161 mali·

135 3186 257 3268 gnitatis
267 3187 385 3266 plenam
398 3206 458 3247 rem
473 3190 655 3280 eundemque
668 3208 758 3271 quem
774 3201 805 3251 tu
815 3192 888 3253 lacis
901 3190 1051 3251 facientes.
1073 3190 1156 3251 Itane
1165 3212 1234 3254 vero

1 3352 8 3358 ¹
135 3280 224 3357 dicis,
244 3297 292 3337 me
315 3278 399 3338 nulle
417 3298 455 3337 ex
473 3291 555 3358 perte
578 3282 693 3342 illorum
719 3302 799 3345 esse
796 3281 953 3341 simileml
995 3280 1050 3339 At
1062 3292 1095 3341 tu
1122 3284 1234 3361 ebullis,

137 3342 296 3433 lliscbinel
317 3379 348 3430 ιι
361 3372 449 3432 frater
458 3372 551 3431 tuusl
571 3374 763 3482 ataliqpisex
772 3374 807 3433 iis
821 3371 870 3451 qui
880 3390 959 3431 nunc
973 3382 1043 3431 sunt
1052 3376 1234 3437 oratoribus?

138 3466 204 3543 Ego
227 3462 374 3524 enimvero
388 3464 540 3522 neminem
563 3485 629 3525 esse
651 3465 708 3526 aio.
751 3464 811 3524 Sed
833 3483 901 3523 cum
922 3464 1232 3545 virentibus,obone,

135 3554 248 3634 nequid
259 3555 341 3614 aliud
354 3552 463 3625 dioem,
475 3553 621 3617 viventem
633 3556 778 3616 contende
800 3566 831 3615 et
848 3558 915 3615 cuin
938 3556 985 3617 aui
995 3586 997 3591 ·
1006 3559 1097 3619 seculi
1109 3561 1234 3623 homini-

136 3651 204 3718 bus,
225 3658 259 3708 ut
281 3656 391 3707 coetera
412 3646 521 3720 omnia,
538 3658 654 3727 poetas,
677 3648 793 3721 choros,
812 3649 996 3728 palestritae.
1038 3650 1233 3728 Philammon,

136 3760 197 3801 non
210 3741 280 3819 quia
291 3738 408 3799 Glauco
423 3738 561 3818 Carystio
578 3739 704 3818 aliisque
723 3740 870 3800 nonnullis
883 3742 1038 3821 superioris
1052 3746 1234 3809 mriathletis

137 3843 201 3894 erat
212 3830 360 3903 infirmior,
379 3829 488 3890 idcirco
508 3830 571 3891 sinc
594 3850 703 3892 corone
718 3850 755 3890 ex
782 3832 919 3913 Olympia
931 3823 1078 3909 discessit,
1093 3836 1146 3896 sed
1164 3840 1234 3916 qnia

138 3944 239 3988 eorum
252 3926 304 4003 qui
315 3932 463 3984 certamen
476 3942 578 3983 sectum
590 3923 718 3995 inierunt
734 3926 842 4005 optime
855 3940 1046 4007 pugnaverat,
1061 3948 1170 3990 corone
1180 3932 1233 3993 do-

138 4030 225 4079 natus
234 4026 281 4077 est
293 4026 324 4077 et
335 4017 436 4077 victor
443 4016 657 4096 pronuntiatus.
698 4017 743 4076 Tu
756 4036 872 4099 quoque
887 4040 934 4080 me
952 4040 1019 4079 eum
1031 4020 1077 4080 1ι1ι
1090 4021 1141 4099 qni
1155 4043 1234 4088 nunc

129 4120 210 4172 sunt
219 4108 380 4170 oratoribus
393 4107 532 4169 collatum
545 4118 657 4189 specta,
670 4118 779 4184 mcum,
799 4130 866 4171 cum
885 4129 945 4189 quo
958 4112 1015 4170 alio
1027 4112 1109 4172 voles
1122 4133 1159 4174 ex
1172 4136 1234 4179 om-

140 4203 245 4270 ninum
267 4200 340 4260 nulli
349 4200 433 4260 cedo.
474 4202 606 4267 Quorum
615 4202 755 4274 omnium,
765 4202 835 4261 dum
846 4201 930 4279 sequi
944 4202 1053 4281 optima
1066 4205 1233 4286 reipublice

139 4294 258 4368 licebnt,
268 4294 339 4356 dum
353 4304 499 4356 certamen
513 4293 551 4354 (le
564 4294 684 4356 caritate
691 4296 793 4375 patrie
806 4294 836 4355 in
849 4292 947 4365 medio
959 4294 1086 4375 positum
1100 4302 1234 4366 omnibns

138 4385 575 4468 crategoutilissimssusdere
586 4396 752 4467 compertus
763 4405 838 4463 eum,
847 4386 978 4467 meisque
987 4386 1110 4456 decretis
1123 4405 1153 4457 et
1162 4394 1235 4477 legi-
1354 4412 1359 4419 ·
