2934 5000
273 325 329 384 ros
494 317 655 380 emmo
676 295 760 381 rab
781 316 1124 380 meonioromms.

155 511 159 516 =
268 479 368 541 firmo:
389 473 443 536 sed
465 474 565 538 hostes
583 475 669 536 nobis
687 475 751 536 fore
769 473 1018 545 Lacedaemonios,
1039 472 1065 534 si
1084 489 1162 534 nanc
1177 467 1353 560 ρωίεωειιι

268 589 335 630 cum
349 567 511 630 Arcadibus
522 569 573 648 qui
590 569 675 629 amici
694 568 776 629 nobis
788 587 854 629 esse
870 566 973 627 volunt
989 563 1151 635 coierimus,
1165 562 1247 623 dictu
1267 563 1352 622 nefas

267 661 336 722 solis
347 659 403 720 illis
416 679 482 720 esse
499 669 579 738 puto,
593 660 641 739 qai
659 661 744 722 nobis
757 678 936 740 persuasere,
949 667 982 718 ut
995 654 1221 716 lacedemoniis
1236 653 1353 733 pericli·

266 752 395 814 mnhbos
415 752 640 812 subveniremus.
661 751 738 812 Nam
750 753 815 812 hoec
827 751 879 830 qui
890 750 991 810 dicunt
1002 758 1136 808 auctores
1154 746 1246 819 luere,
1259 765 1354 824 qaum

267 863 368 906 omnes
383 843 618 923 Peloponnenses
633 843 691 905 huc
706 844 863 911 venissent,
877 842 969 903 ductu
980 853 1012 902 et
1026 838 1163 919 auspiciis
1174 837 1277 899 restris
1290 837 1353 898 La·

267 937 460 998 oedmmonios
482 935 687 1016 oppugnaturi,
710 946 745 997 ut
763 946 795 996 et
812 935 878 995 illos
904 933 1229 1014 repudiaremus,-qna
1251 929 1353 988 illido

267 1047 367 1100 causa,
378 1028 409 1088 id
417 1027 496 1106 quod
511 1027 553 1089 eis
566 1037 629 1089 erat
641 1027 792 1108 reliquum,
806 1028 844 1088 ad
856 1025 1009 1086 Thebanos
1022 1043 1055 1084 se
1074 1021 1309 1093 contulerunt-,
1321 1029 1355 1080 et

268 1138 320 1199 pro
326 1119 520 1180 incolumitate
528 1119 811 1181 Lacedaemoniorum
819 1137 879 1178 non
886 1116 975 1177 modo
982 1114 1137 1196 pecuniam
1144 1111 1354 1185 conferremus,

269 1209 322 1270 sed
336 1209 423 1271 vitam
437 1212 522 1272 etiem
537 1221 664 1272 nostram
684 1210 715 1270 in
735 1210 890 1270 discrimen
903 1209 1124 1269 adduceremus.
1144 1205 1234 1284 Atqui
1245 1223 1284 1262 ne
1297 1223 1354 1264 vos

268 1301 384 1379 quidem
398 1323 447 1364 eos
460 1297 572 1365 servare
585 1304 762 1374 voluissetis,
776 1301 802 1362 si
815 1303 871 1363 hoc
884 1301 965 1362 vohis
977 1310 1045 1360 ante
1058 1299 1198 1358 dixissent
1209 1297 1354 1368 isti-con-

266 1404 394 1454 servatos
403 1417 463 1469 eos,
477 1397 533 1456 nisi
545 1414 660 1456 ornnem
673 1396 820 1457 licentiam
833 1395 940 1456 daretis
954 1394 1051 1454 denuo
1063 1389 1191 1451 faciendi
1207 1409 1271 1468 qaae
1290 1388 1355 1448 sel-

267 1485 330 1546 lent
342 1497 372 1548 et
385 1488 546 1567 grassandi,
558 1489 668 1549 nullam
680 1489 718 1549 de
731 1499 855 1568 accepta
861 1487 958 1547 sulate
966 1485 1089 1564 gratiam
1099 1482 1183 1542 robis
1192 1480 1354 1541 habituros.

269 1575 332 1637 lino
344 1579 457 1640 etiamsi
470 1579 621 1639 nonoribus
637 1580 918 1640 lacedemoniorum
931 1578 1116 1635 vehementer
1128 1573 1282 1632 adversum
1296 1583 1354 1644 est,

242 1737 245 1744 Ι
269 1668 400 1728 Arcades
423 1670 452 1727 iu
466 1670 635 1727 societatem
657 1679 786 1725 nmtram
806 1665 910 1742 reeipi;
930 1665 1016 1724 decet
1029 1675 1126 1724 tamen
1146 1683 1197 1724 eos
1215 1668 1354 1738 majorem

269 1759 352 1818 nobis
365 1757 472 1817 habere
486 1758 618 1834 gretiam,
630 1773 682 1834 pro
695 1774 730 1814 eo
745 1754 825 1834 qnod
845 1754 875 1813 in
896 1755 1014 1813 summis
1032 1773 1088 1834 ope
1104 1765 1200 1814 vestra
1215 1755 1354 1834 periculis

268 1849 428 1910 conservati
440 1857 518 1919 sunt,
528 1867 614 1926 quam
625 1856 775 1926 propterea
784 1865 862 1906 nunc
870 1845 955 1905 irasci
964 1846 1044 1924 quod
1057 1845 1172 1907 illorum
1180 1847 1289 1926 injuriis
1298 1849 1354 1908 ob·

264 1941 387 2004 risum.
407 1943 476 2008 Quo
492 1949 579 2020 pacto
588 1938 674 2018 igitur
687 1957 742 1998 nos
754 1937 793 1997 ad
806 1937 938 2018 Oropum
955 1938 1184 2017 recuperandum
1197 1958 1258 1998 non
1266 1939 1353 2019 jura-

267 2034 349 2105 hunt
362 2033 418 2094 nisi
435 2031 563 2092 omniurn
575 2029 739 2092 mortalium
751 2028 935 2110 ingratissimi
947 2048 1014 2090 esse
1031 2029 1142 2090 relinet
1160 2029 1191 2090 id
1203 2031 1283 2109 quod
1293 2051 1353 2111 ego

267 2125 432 2187 mehercule
445 2145 504 2186 non
516 2125 611 2186 rideo.

308 2221 338 2288 5,
358 2217 426 2280 Jam
447 2238 497 2280 eos
509 2237 624 2298 quoque
644 2219 768 2280 demiror
779 2218 830 2299 qni
849 2237 969 2282 causam
989 2219 1065 2279 hanc
1076 2227 1247 2298 praeterunt,
1259 2218 1351 2278 rideri

266 2320 396 2372 nostram
406 2310 562 2384 civitatem,
575 2310 702 2373 ineunda
714 2331 783 2372 cum
796 2311 958 2372 Arcadibus
971 2311 1110 2372 societate
1122 2320 1154 2369 et
1162 2309 1207 2370 his
1219 2310 1352 2390 agendis,

265 2403 470 2464 inconstantiae
493 2413 523 2464 et
544 2402 672 2484 perfidiae
690 2403 856 2483 opinionem
880 2403 1052 2465 subituramz
1071 2401 1141 2462 mihi
1153 2403 1242 2476 enim,
1257 2403 1351 2463 Athe-

265 2494 393 2571 aienses,
405 2495 579 2557 contrarium
589 2494 710 2556 ridetur.
752 2495 832 2556 curi
852 2497 921 2576 quia
933 2497 1078 2558 neminem
1090 2495 1220 2557 omniurn
1229 2506 1352 2575 negatu-

268 2608 332 2647 rum
346 2589 476 2661 arbitror,
489 2607 509 2647 a
519 2598 620 2648 nostre
639 2590 708 2647 orbe
721 2600 752 2649 et
764 2588 1002 2649 lacedemonios
1013 2600 1044 2649 et
1060 2590 1139 2669 prius
1153 2588 1309 2649 Thebanos
1320 2600 1354 2651 et

267 2690 414 2759 postremo
429 2680 606 2740 Euhoeenses
625 2690 820 2753 conservatos,
833 2692 865 2741 et
877 2690 980 2761 postea
990 2681 1021 2741 in
1040 2682 1208 2743 societatem
1220 2692 1354 2762 receptos

268 2789 346 2842 esse,
365 2790 455 2849 quum
476 2771 595 2851 quidem
615 2792 705 2857 annm
726 2784 758 2833 et
778 2773 856 2833 idem
874 2792 988 2853 semper
999 2782 1151 2854 spectaret.
1191 2774 1270 2833 lllud
1282 2794 1353 2836 vero

268 2863 407 2943 quidnam
420 2864 486 2925 esti
506 2874 539 2924 ut
559 2884 710 2944 oppressos
731 2865 842 2945 injuriis
865 2864 1035 2945 erigeretae
1047 2869 1184 2927 hieremr.
1224 2866 1353 2933 Quodsi

255 2956 311 3033 ¹itu
323 2963 380 3025 est,
391 2974 449 3017 non
464 2957 524 3036 jam
539 2955 662 3017 levitatis
676 2958 786 3018 crimen
798 2956 830 3015 in
844 2956 926 3017 nobis
939 2956 1076 3025 herebit:
1099 2956 1154 3016 scd
1172 2957 1203 3017 iu
1215 2956 1283 3031 iliis,
1299 2959 1352 3037 qui

267 3046 328 3127 pari
346 3054 376 3105 et
396 3068 481 3127 raquo
498 3048 564 3128 jure
582 3048 677 3111 visere
699 3050 820 3113 uolunt:
843 3060 932 3128 atque
944 3048 1105 3128 apparebit,
1117 3050 1222 3109 mutan
1234 3050 1354 3129 negotia

267 3150 386 3222 propter
394 3162 444 3203 eos
462 3144 511 3223 qui
524 3162 576 3223 per
588 3141 722 3223 injuriam
734 3142 895 3222 superiores
907 3160 1019 3220 semper
1030 3160 1095 3202 essa
1108 3140 1238 3213 student,
1251 3142 1352 3203 cirita·

267 3243 327 3296 tem
340 3247 467 3299 nostram
481 3238 603 3300 eandem
616 3254 743 3297 manere.

308 3329 337 3388 6.
359 3329 433 3389 hlrhi
449 3349 517 3389 vero
529 3329 661 3391 videntur
681 3326 893 3389 lacedemonii
912 3325 1051 3407 singulari
1069 3345 1154 3407 agere
1173 3326 1350 3388 calliditates

268 3436 347 3479 nune
360 3422 437 3481 enim
449 3421 491 3481 ilii
510 3424 592 3483 aiunt
606 3423 681 3484 Eleis
695 3420 836 3501 quasdam
849 3420 1002 3500 Triphylia
1020 3430 1116 3499 partes
1134 3418 1350 3487 restituendast

269 3510 401 3572 Phliasiis
415 3514 614 3584 'l'ricaranum3
637 3514 699 3576 eliis
713 3514 887 3594 quibusdam
907 3513 1069 3574 medum
1087 3512 1211 3593 patriam
1224 3512 1350 3575 redden·

269 3602 355 3672 dame
376 3606 460 3665 nobis
473 3606 621 3686 Oropum
643 3627 701 3668 non
716 3618 749 3666 ut
762 3616 892 3667 nostrum
906 3625 1049 3685 quemque
1063 3607 1092 3665 id
1104 3606 1185 3685 quod
1204 3624 1288 3666 suum
1304 3619 1352 3670 est

268 3695 374 3757 habere
381 3696 515 3757 rideant:
537 3697 622 3778 longe
631 3700 687 3759 alia
696 3698 771 3758 ratio
779 3707 838 3765 est:
852 3716 930 3756 nova
937 3696 1014 3755 enirn
1024 3696 1350 3761 ineosincessbsetista

266 3788 447 3849 hnmanitas:
472 3789 525 3848 sed
540 3799 583 3860 ut,
596 3792 666 3850 dum
680 3790 813 3851 omnibns
825 3788 973 3871 adjutores
986 3789 1139 3850 rideantur
1156 3790 1196 3851 ad
1210 3809 1248 3851 ca
1266 3812 1349 3855 recu·

267 3880 488 3961 potandaque
509 3880 613 3959 singoli
626 3900 679 3942 sua
691 3901 757 3941 esse
776 3882 965 3955 contendunt,
982 3880 1053 3962 ipsis
1066 3882 1237 3943 Messanam
1256 3901 1349 3965 oppn·

269 3972 407 4051 gnaturis,
423 3982 474 4033 aut
486 3990 586 4033 omnes
596 3973 658 4053 ejus
672 3972 864 4052 expeditionis
876 3974 987 4033 sooiiet
996 3974 1107 4033 suenni
1120 3973 1266 4053 adjutores
1280 3976 1348 4049 sint,

268 4073 320 4124 aut
337 4082 402 4124 curn
412 4084 463 4125 eos
476 4062 681 4143 suffragatores
694 4063 845 4125 habuerint
856 4064 886 4123 in
898 4064 933 4125 iis
947 4064 1148 4139 vendicandis,
1160 4086 1227 4146 qum
1239 4066 1281 4127 iiii
1293 4087 1349 4128 sua

268 4174 331 4215 esse
346 4156 563 4229 contenderant,
583 4156 639 4216 nisi
651 4174 749 4237 parem
768 4156 888 4235 mam
908 4156 994 4217 iidem
1016 4158 1175 4231 retulerint,
1194 4158 1290 4238 injurii
1304 4160 1348 4219 vi-

269 4246 399 4307 deantur.
421 4248 485 4329 Ego
496 4268 564 4319 vero
579 4248 720 4321 existimo,
734 4268 753 4309 a
770 4256 871 4309 nostra
882 4250 963 4321 urbe,
983 4248 1095 4309 etiamsi
1109 4250 1204 4312 nullos
1217 4250 1348 4313 Arcades

268 4336 552 4403 lacedemoniorum
564 4341 674 4402 libidini
685 4342 857 4423 permiserit,
871 4340 1002 4421 Oropum
1018 4362 1106 4423 posse
1122 4345 1298 4424 recuperari:
1318 4355 1349 4406 et
