2934 5000
348 265 514 352 oouran
534 286 931 387 arrsrourrouarur.
1133 283 1194 356 rso

96 433 203 504 mirum
218 444 287 504 olim
300 454 501 504 consueverat.
524 444 571 502 Ea
585 443 686 522 primis
703 463 770 502 eum
785 443 899 512 diebus,
915 441 1021 519 quibus
1042 438 1079 497 ab
1098 437 1192 497 unde-

97 537 224 596 cimviris
233 538 417 615 quaerebatur
426 546 458 595 et
466 535 710 615 proclamabatur,
720 535 888 594 occultavit.
923 532 1031 590 Postea
1041 529 1116 588 datis
1125 537 1193 588 octo

99 627 246 686 drachmis
260 629 291 686 in
303 628 450 700 viaticum,
465 638 496 685 et
508 628 617 698 tunica,
631 637 663 685 et
674 626 775 705 pallio,
787 625 914 703 Megara
926 623 1012 681 misit.
1036 623 1108 680 Eam
1120 640 1195 700 *rnu-

97 719 198 778 lierem
209 729 270 778 tam
282 721 358 780 bena
372 719 410 778 de
420 737 454 778 se
467 719 611 791 meritam,
625 727 659 776 ut
670 735 809 798 prospero
823 717 1036 776 fortunoestatu
1047 715 1193 786 utebatur,

99 818 131 868 et
150 810 324 888 dignitatem
337 810 417 889 apud
430 827 482 868 vos
496 811 658 881 obtinebat,
672 809 781 885 aliquid
796 809 833 868 de
852 817 887 866 eo
907 815 1144 885 conquerentem,
1164 811 1196 862 et

97 901 164 980 'ejus
177 903 311 961 benefimi
327 902 493 960 memoriam
513 901 704 972 refricantem,
718 911 748 959 et
767 900 890 979 gratiam
904 897 959 958 sibi
973 895 1072 958 referri
1092 903 1193 975 postu-

98 990 220 1065 lantem,
241 993 364 1071 primum
382 992 470 1070 alapa
484 991 562 1059 data,
577 1001 607 1050 et
620 991 703 1050 minis
717 991 824 1050 additis
845 993 882 1050 ab
895 991 1007 1049 sedibus
1028 989 1194 1067 ablegavit:

98 1094 134 1142 ut
146 1094 243 1143 autem
256 1084 427 1143 muliercula
448 1103 508 1144 non
522 1082 692 1155 desistebat,
713 1082 768 1141 sed
791 1069 955 1162 progressa,
972 1093 1005 1140 ut
1023 1082 1086 1161 ejus
1108 1097 1194 1140 sexus

100 1183 147 1233 est
159 1176 318 1254 ingenium,
333 1173 410 1254 apud
423 1174 578 1234 familiares
592 1175 633 1234 de
643 1193 678 1233 eo
697 1175 883 1253 querebatur,
895 1175 958 1252 ipse
976 1193 1040 1232 eam
1055 1173 1114 1231 suis
1132 1189 1195 1230 ma-

100 1267 187 1326 nibus
201 1269 374 1346 prehensam
388 1266 426 1326 ad
442 1266 538 1325 forum
551 1266 757 1344 inquilinorum
771 1266 902 1325 abduxit.
926 1264 971 1323 Ac
985 1263 1042 1322 uisi
1055 1264 1196 1322 tributum

79 1355 82 1360 ’
101 1357 308 1436 inquilinorum
324 1359 466 1430 solvisset,
479 1358 598 1416 vendita
612 1369 691 1416 esset
701 1346 754 1437 per
764 1375 841 1426 eum,
856 1355 903 1416 cui
913 1355 1037 1414 salutem
1049 1355 1113 1433 ipsa
1127 1374 1196 1413 con·

101 1448 227 1509 tulisset.
252 1451 327 1509 llaec
340 1462 408 1533 tere
423 1469 441 1508 a
454 1449 571 1508 medici
583 1458 618 1508 ut
630 1457 755 1518 constet,
768 1467 884 1506 accerse
898 1445 968 1505 mihi
982 1465 1049 1505 eum
1062 1446 1111 1523 qui
1122 1465 1196 1504 mer-

102 1541 207 1602 cedem
220 1541 326 1620 sepulti
339 1543 429 1620 patris
442 1541 506 1620 ejus
521 1560 580 1599 non
598 1541 718 1618 recepit,
743 1541 849 1618 atejus
863 1537 922 1598 litis
939 1539 1088 1609 arbitrum,
1109 1555 1196 1614 quam
1279 1575 1285 1586 =

21 1668 27 1678 ι
102 1633 130 1691 ei
151 1643 269 1712 propter
293 1651 422 1692 sororem
442 1632 638 1691 venundatum
662 1631 789 1690 intendit
802 1631 867 1690 iste.
903 1629 1005 1690 Profer
1024 1641 1053 1688 et
1074 1647 1198 1687 accusa-

102 1724 222 1797 tionem,
241 1725 294 1784 sed
308 1734 377 1784 ante
391 1724 491 1783 omnia
503 1742 578 1782 voca
599 1724 695 1782 Zobioe
709 1725 875 1802 patronum,
889 1741 955 1800 quae
976 1739 1043 1780 eum
1057 1721 1197 1798 suscepit,

102 1827 135 1874 et
151 1815 328 1887 venditores,
337 1815 381 1875 ad
395 1835 470 1894 quos
484 1833 549 1875 eam
570 1814 702 1874 adduxit.
729 1815 791 1873 Vos
812 1823 910 1872 autem
926 1812 1015 1872 modo
1029 1831 1108 1890 aegre
1123 1797 1199 1870 ferc'-
1253 1831 1257 1838 ·

102 1907 189 1978 batis,
202 1908 228 1965 si
241 1925 291 1966 eos
304 1907 354 1985 qui
366 1908 394 1966 ei
406 1906 560 1966 collectam
571 1908 610 1966 ad
623 1907 748 1965 salutem
759 1905 935 1974 conferrent,
946 1911 1108 1962 accusaret.
1138 1901 1199 1986 Ne·

101 1997 186 2071 faria,
194 1999 412 2058 nefariabellua
420 1999 690 2071 est,Athenienses,
699 2007 731 2057 et
739 1997 884 2056 immanis.
905 1995 1012 2054 Recita
1021 1993 1196 2054 testimonia.

520 2200 790 2263 TESTIMONIA.

150 2336 197 2394 13.
219 2333 308 2402 Quod
329 2335 416 2414 igitur
435 2336 506 2394 satis
521 2353 659 2412 maguum
676 2334 798 2404 insum,
812 2331 862 2410 qui
881 2340 925 2390 tot
942 2340 972 2389 et
993 2338 1076 2388 tanta
1090 2327 1201 2388 scelera
1266 2320 1285 2378 κ’

105 2427 293 2511 perpetravit,
305 2427 478 2507 supplicium
489 2426 651 2487 statuerunt
672 2425 749 2493 Quae
759 2425 849 2503 digna
858 2441 946 2503 poena
954 2423 991 2480 ab
1001 2439 1038 2480 eo
1050 2417 1201 2498 exigeturf

106 2520 192 2577 Mors
205 2518 323 2596 quidem
337 2538 427 2597 parva
439 2518 509 2577 mihi
522 2517 645 2579 videtur.
677 2516 767 2582 Quod
780 2516 910 2588 siunurn
924 2512 1019 2573 a'rlhm
1032 2530 1071 2572 ex
1083 2512 1203 2591 privatis
1284 2556 1288 2563 .

106 2610 171 2689 ejus
185 2612 327 2671 scelerate
340 2610 427 2670 factis
441 2630 626 2682 recensuero,
647 2619 745 2669 cetera
758 2608 899 2667 omittam.
922 2606 1095 2692 Priusquam
1108 2624 1126 2663 e
1139 2622 1203 2663 car-

108 2722 175 2760 cere
189 2702 385 2781 egrederetur,
410 2721 446 2760 eo
461 2702 596 2779 conjecto
616 2702 744 2778 quodam
764 2700 881 2759 homine
902 2698 1073 2776 Tanagraea,
1094 2697 1143 2774 qui
1164 2696 1203 2758 atl

107 2794 331 2853 satisdationem
349 2794 463 2853 tabulas
476 2794 613 2862 liabebat,
626 2814 695 2853 cum
708 2812 745 2851 eo
757 2808 943 2870 congressus,
964 2800 994 2850 et
1011 2789 1110 2849 nescio
1132 2786 1204 2866 quit

107 2888 291 2966 colloquens,
307 2887 424 2966 surripit
440 2887 565 2946 tabulas.
589 2886 664 2943 Cum
679 2896 776 2945 autem
790 2884 878 2944 homo
892 2890 1072 2962 quereretur,
1093 2892 1123 2941 et
1136 2898 1203 2959 grab

107 2977 182 3035 viter
196 2978 292 3054 ferens
306 2978 425 3049 diceret,
439 2978 586 3037 neminem
605 2976 696 3036 alium
717 2976 899 3055 surripuisse,
915 2993 951 3033 eo
966 2974 1121 3033 dementiae
1136 2991 1203 3051 per-

109 3070 189 3129 venit
202 3070 269 3140 iste,
281 3079 316 3127 ut
331 3090 397 3127 eum
412 3072 564 3129 verberare
573 3069 795 3147 aggrederetur.
831 3069 859 3127 Is
872 3086 941 3127 vero
956 3076 987 3126 ut
1001 3087 1103 3127 recens
1116 3060 1204 3144 atque

110 3160 233 3238 integer,
247 3170 365 3238 superat
375 3160 455 3218 illum
461 3161 524 3238 jam
534 3160 697 3230 rancidum,
708 3171 738 3220 et
748 3161 798 3219 diu
809 3170 998 3227 maceratum.
1021 3159 1097 3217 Cum
1108 3166 1205 3217 autem
1261 3232 1265 3245 Ι

110 3272 147 3311 eo
161 3261 280 3312 ventum
301 3246 586 3330 esset,‘praenordet
605 3270 709 3309 nasum
729 3250 854 3309 hominis
865 3270 873 3317 ;
896 3268 931 3307 ac
951 3258 1014 3306 tum
1031 3246 1148 3325 quidem
1169 3262 1206 3305 ea

110 3346 278 3405 calamitate
288 3364 404 3423 pressus
413 3344 473 3416 ille,
484 3345 521 3404 ab
530 3345 740 3422 investigandis
752 3354 783 3403 et
792 3342 958 3421 querendis
968 3340 1074 3400 tabulis
1086 3339 1206 3412 destitit,

111 3448 182 3519 post
198 3438 350 3497 inveniunt
362 3456 412 3496 aas
433 3436 465 3495 in
479 3437 579 3497 arcula
597 3436 733 3515 quadam,
755 3437 840 3515 cujus
861 3435 916 3493 iste
937 3434 1048 3493 clavem
1067 3432 1206 3492 babebat.

112 3530 230 3589 Deinde
245 3530 294 3608 qui
310 3530 341 3587 in
354 3546 471 3589 caroere
489 3539 581 3601 erant,
595 3528 764 3608 hujusmodi
778 3528 926 3587 decretum
940 3522 1067 3585 faciunt:
1089 3544 1149 3583 nou
1161 3524 1206 3602 fg·-

111 3625 189 3696 nem,
204 3644 262 3683 non
276 3624 436 3700 lucernam,
446 3641 506 3682 nou
515 3633 627 3702 potum,
639 3642 699 3682 non
708 3622 805 3682 cibum
819 3622 910 3681 ullum
925 3638 991 3679 cum
1002 3626 1037 3678 e'o
1051 3638 1116 3679 esse
1125 3636 1205 3678 com·

113 3717 330 3788 municandum,
346 3735 401 3775 nec
419 3715 623 3794 accipiendum
641 3718 679 3774 ob
699 3733 746 3786 eo,
768 3714 794 3773 ei
817 3734 872 3773 nec
891 3712 1021 3771 dandum
1041 3712 1206 3789 quicquam.

114 3810 188 3868 Haec
206 3819 242 3867 ut
255 3827 273 3867 a
287 3828 334 3867 me
348 3828 414 3869 vere
434 3807 493 3867 dici
510 3816 637 3879 constet,
650 3807 747 3886 ipsum
765 3806 835 3864 milri
851 3802 997 3865 hominem
1018 3816 1101 3874 voca,
1122 3800 1206 3875 eujus

110 3920 218 3970 ,nasum
231 3900 359 3961 nefarius
371 3900 426 3959 iste
435 3917 624 3979 praemorsam
631 3897 795 3959 'devoravit

507 4076 812 4139 TESTIMONIUM.
895 4079 900 4087 “

112 4219 305 4301 Egregiorum
319 4218 429 4279 scilicet
438 4239 558 4299 operum
570 4218 653 4277 vobis
664 4227 761 4278 orator
774 4215 828 4273 iste
844 4210 947 4272 artifex
961 4208 1080 4269 exstitit.
1102 4178 1218 4287 Operae¹

113 4311 322 4390 pretium·vero
341 4320 394 4380 est,
408 4330 444 4370 ex
457 4310 509 4369 tali
522 4330 572 4369 ore
587 4309 714 4388 aliquam
738 4306 895 4366 orationem
914 4298 1023 4372 audire,
1044 4310 1095 4361 eut
1112 4299 1209 4363 consi·

115 4403 197 4463 lium.
219 4402 323 4465 Recita
335 4403 423 4463 etiam
446 4401 618 4483 praeclarum
631 4398 705 4461 illud
719 4398 870 4459 decretum
884 4394 921 4457 de
935 4390 970 4455 eo
983 4393 1106 4455 factum.
