2934 5000
337 317 340 326 ·
422 297 647 358 ADVERSUS·
659 297 888 360 LEPTINEM.
1157 299 1214 369 ιιι

113 449 211 528 piusl·
225 449 295 510 'Sed
316 451 412 530 ipsum
436 452 734 523 senatusconsultum,
752 450 833 530 quod
847 461 910 512 mm
937 451 1026 531 hujus
1043 452 1099 514 riri
1124 470 1215 516 enar

115 541 223 601 laetum
237 551 292 612 est,
305 543 387 604 robis
403 543 584 606 recitabitur.
606 545 645 605 Et
656 545 767 615 videta,
780 543 982 616 Athenienses,
997 553 1071 623 quot
1079 553 1215 606 sanabu-

114 631 251 692 consulta
263 633 312 693 lsx
331 636 389 696 ista
400 637 482 697 irrita
494 639 594 708 facim,
612 650 644 698 at
654 647 729 718 quot
741 638 875 698 homines
894 638 1020 711 daudet,
1039 659 1152 718 eosque
1164 642 1216 718 qui

112 742 179 782 cura
193 725 318 786 maxime
333 731 531 788 necessarium
542 731 599 788 fuit
610 730 693 790 vobis
708 732 930 792 benefecerunt!
962 733 1122 796 Invenietis
1134 733 1212 827 enim

112 832 163 874 eos
177 815 245 877 ledi
258 837 333 897 quos
348 837 466 878 minime
474 819 639 896 oportebat
661 821 777 882 Recita.

445 1021 868 1086 SENATUSCONSULTA.

153 1147 201 1204 12.
223 1147 373 1211 Beneficia
385 1152 492 1232 quibus
510 1153 672 1233 Epicerdes
686 1155 899 1214 imunitatem
912 1155 1027 1226 meruit,
1044 1175 1062 1215 e
1076 1165 1211 1216 senatus·

106 1238 263 1312 consultis,
278 1243 405 1317 judices,
424 1245 587 1306 audivistis.
626 1245 674 1305 Ne
694 1267 763 1306 vero
782 1245 812 1305 id
831 1255 975 1326 spectate,
991 1247 1071 1324 quod
1088 1249 1211 1327 primum
1252 1280 1257 1286 ·

105 1337 228 1387 centum
241 1331 346 1402 minas,
362 1334 469 1394 deiude
483 1337 623 1396 talentum
635 1337 839 1410 'dedit-nam
852 1357 890 1396 ne
902 1357 953 1396 eos
966 1337 1084 1416 quidem
1098 1337 1148 1415 qui
1161 1356 1210 1396 ac-

105 1432 252 1496 ceperunt
263 1425 398 1502 pecumoe
412 1447 564 1508 numerum
578 1428 737 1488 admiratos
755 1449 820 1488 esse
834 1431 1006 1499 arbitror—,
1026 1427 1079 1487 sed
1093 1430 1150 1488 hoc
1167 1429 1211 1485 in-

106 1509 240 1582 tuemini,
251 1514 330 1590 quod
343 1516 432 1576 alacri
446 1519 552 1590 animo,
567 1520 647 1599 quod
658 1537 715 1578 non
728 1530 858 1598 rogatus,
874 1522 962 1590 ultro,
973 1518 1053 1598 quod
1068 1519 1125 1577 illis
1135 1525 1211 1576 tem·

104 1600 227 1678 poribus
245 1604 337 1667 dedit.
372 1607 489 1668 Etenim
502 1611 653 1670 referenda
668 1612 762 1690 gratia
776 1623 821 1671 est
834 1631 902 1671 cum
918 1609 1105 1673 benemeritis
1119 1609 1212 1670 omni·

103 1693 163 1750 bus
176 1712 183 1750 :
204 1703 267 1754 tum
279 1717 347 1758 vero
358 1699 400 1759 eis
412 1701 462 1779 qui
472 1701 641 1780 tempestive
652 1703 796 1762 beneficia
807 1702 970 1769 dederunt:
985 1719 1109 1780 quorum
1118 1719 1211 1758 unum

74 1799 81 1804 ·
103 1782 227 1844 hunc'
199 1807 292 1846 rurum
306 1810 368 1850 esse
382 1802 532 1852 ostensum
548 1803 603 1853 est.
627 1793 753 1853 Nonne
745 1793 834 1872 rgitur
846 1814 899 1854 nos
910 1794 1031 1873 pudeat,
1046 1792 1218 1852 Atheniens

106 1894 167 1948 ses,
181 1877 288 1938 talis'
261 1882 314 1940 vrri
333 1882 452 1952 liberos,
468 1885 575 1964 quibus
590 1883 661 1944 nihil
675 1885 802 1964 objicere
814 1905 980 1965 possumus,
994 1883 1076 1948 nulla
1092 1883 1210 1943 omnino

103 1966 210 2026 harum
224 1989 318 2030 rerum
332 1973 433 2033 habita
446 1977 570 2053 ratione,
591 1977 774 2036 immunitate
795 1976 941 2055 spoliarel
962 1975 1029 2035 Nec
1045 1975 1122 2034 enim
1124 1995 1209 2055 ,-pro

103 2067 208 2136 pterea
221 2058 252 2117 id
266 2063 363 2120 minus
378 2075 461 2166 turpe
474 2065 605 2124 futurum
616 2077 663 2126 est
665 2067 765 2146 ,quod
779 2067 967 2138 aliisnernnt,
983 2067 1109 2146 quitum
1123 2069 1160 2126 ab
1173 2087 1209 2126 eo

104 2151 213 2208 serrati
223 2162 303 2221 sunt,
315 2167 403 2232 atque
417 2155 628 2216 immunitatem
643 2176 669 2214 ει
660 2157 843 2231 'dederunt‚
852 2158 902 2215 alii
911 2177 964 2216 vos
979 2157 1059 2228 estis,
1070 2159 1119 2235 qui
1128 2177 1208 2216 nunc

106 2259 171 2299 eam
186 2241 316 2320 eripitis:
337 2243 391 2303 sed
401 2245 457 2306 hoc
471 2248 567 2325 ipsum
581 2256 635 2316 est,
652 2247 731 2326 quod
746 2247 977 2325 indignationem
987 2258 1111 2306 moveat.
1130 2247 1208 2307 Nam

106 2332 132 2391 si
157 2332 210 2406 illi,
231 2335 281 2412 qui
306 2338 453 2397 sciverunt
471 2349 501 2398 et
525 2349 703 2424 acceperunt
723 2339 878 2410 beneficia,
901 2337 953 2397 tali
977 2337 1208 2398 remuneratione

104 2425 196 2505 digna
219 2447 254 2486 ea
277 2441 463 2501 censuerunt,
478 2450 533 2490 nos
547 2449 616 2490 vero
640 2432 689 2510 qui
710 2429 857 2489 duntaxat
876 2428 1050 2502 audirimus,
1071 2448 1107 2487 ea
1129 2429 1209 2489 dona
1301 2477 1305 2484 .

103 2526 243 2597 tanquam
257 2520 385 2599 indignis
398 2523 562 2601 eripiemus,
576 2542 614 2581 an
628 2542 689 2581 non
703 2523 734 2581 id
748 2523 803 2582 erit
820 2518 1074 2599 indignissimum?
1095 2520 1209 2580 Eadem

103 2610 192 2669 etiam
206 2613 244 2671 de
257 2612 292 2671 iis
307 2612 383 2685 dico,
403 2612 452 2692 qui
471 2614 759 2693 Quadringentorum
781 2612 965 2693 tyrannidem
988 2611 1206 2686 destruxerunt,

103 2703 186 2763 etde
208 2702 242 2764 iis
264 2706 324 2785 qui,
345 2726 411 2766 cum
434 2709 607 2768 secessisset
626 2706 767 2786 Populus,
787 2707 895 2765 bonam
914 2724 1032 2785 operam
1051 2714 1207 2765 nararunt.

104 2795 250 2855 Omnibus
264 2800 341 2857 enim
355 2799 412 2857 illis
427 2801 570 2878 insignem
583 2799 717 2877 injuriam
731 2798 793 2857 ficri
806 2796 986 2868 crediderim,
1002 2797 1027 2856 si
1048 2796 1205 2875 quicquam

102 2890 147 2948 eis
161 2889 242 2967 quod
255 2901 318 2949 tum
339 2911 514 2951 concessum
534 2891 601 2967 fuit,
624 2908 703 2949 nunc
717 2889 885 2968 eriperetur.
909 2888 939 2949 Si
959 2889 1025 2967 quis
1043 2886 1142 2947 autom
1155 2907 1206 2947 ve·

102 2992 197 3042 strum
210 3003 382 3060 persuasum
392 2976 483 3043 lrabet
485 2982 593 3061 ,longe
608 2984 722 3056 abesse,
732 2992 767 3041 ιιι
780 2982 889 3042 civitati
903 2991 1012 3040 nostroe
1025 2980 1093 3039 talis
1092 2980 1207 3059 aliqua

102 3072 265 3133 necessitas
277 3074 405 3151 ingruat,
419 3074 444 3132 is
457 3084 526 3133 rota
539 3074 656 3151 quidem
667 3074 722 3133 diis
728 3072 832 3146 iaciat,
846 3073 936 3152 idque
944 3090 1001 3151 ego
1011 3091 1071 3131 una
1079 3070 1204 3131 faciam:

102 3164 231 3245 primum
245 3180 320 3223 vero
326 3165 502 3237 consideret,
518 3165 555 3225 de
569 3166 636 3245 lege
655 3166 777 3226 ferenda
790 3185 857 3225 esse
877 3164 1025 3241 suffragia,
1044 3183 1103 3243 qua
1122 3182 1203 3224 com·

103 3256 231 3335 probata
243 3256 385 3317 utendum
404 3258 467 3331 erit,
482 3258 590 3318 deiude
605 3259 695 3319 malas
709 3260 798 3363 leges
814 3260 903 3317 edam
920 3255 1089 3317 florentibus
1102 3244 1205 3316 rebus·

100 3348 175 3452 pub:
190 3368 306 3409 nocere.
332 3349 429 3409 Nullae
440 3351 517 3410 enim
530 3370 626 3410 rerum
637 3350 854 3409 vicissitudines
867 3356 979 3418 essent,
993 3344 1050 3407 nisi
1062 3344 1202 3407 constitu-

101 3450 150 3503 tos
163 3440 193 3499 in
206 3441 341 3519 perieulis
355 3444 441 3501 bonas
459 3453 520 3501 tum
532 3444 673 3514 actiones,
687 3451 751 3500 turn
764 3439 856 3519 leges,
873 3448 936 3499 tum
950 3436 1060 3496 boni
1033 3437 1095 3506 vrri,
1109 3446 1140 3497 et
1152 3456 1203 3499 ac-
1272 3467 1281 3483 =

102 3542 205 3593 curata
218 3533 291 3592 ratio
311 3554 406 3595 rerum
422 3529 551 3593 omnium
569 3534 713 3612 erigerent
733 3541 764 3590 et
775 3529 986 3609 proveherent:
1008 3528 1050 3586 eis
1063 3547 1132 3587 vero
1153 3529 1206 3607 qui

101 3624 260 3685 felicissimi
273 3625 419 3698 videntur,
431 3626 531 3685 omnia
541 3625 607 3683 hac
620 3622 767 3700 neglecta,
778 3620 919 3701 paulatim
932 3620 1095 3683 effluerent
1123 3620 1202 3681 Nam

101 3714 231 3794 plerique
250 3715 427 3788 mortalium,
441 3716 528 3775 rectis
548 3713 689 3785 consiliis,
709 3724 740 3772 et
757 3711 907 3791 vigilantia
919 3710 1044 3772 minimis
1064 3712 1150 3773 etiam
1170 3712 1203 3769 in

102 3808 199 3879 rebus,
214 3826 286 3887 opes
305 3818 428 3887 parant:
455 3806 509 3865 sed
523 3825 573 3864 eas
586 3804 689 3863 iisdem
702 3803 863 3863 redonibus
878 3804 953 3863 tueri
966 3802 1080 3865 nolunt.
1112 3798 1201 3868 Quod

103 3920 140 3961 ue
154 3920 233 3960 nunc
245 3900 328 3959 vobis
342 3919 399 3958 usu
409 3898 510 3958 veniat
521 3894 684 3957 carendum
699 3904 756 3969 est,
770 3914 865 3975 neque
878 3892 1101 3955 erdstimandum
1110 3890 1200 3964 talem

101 3994 198 4071 legem
209 3991 358 4053 serendam
369 4010 444 4062 esse,
456 4010 522 4069 quaa
533 4000 662 4049 nostram
675 3990 777 4048 urbem
785 3998 817 4047 et
828 3989 916 4046 rebus
930 3982 1066 4045 secundis
1080 3980 1200 4046 infamia

101 4086 222 4165 repleat,
233 4097 278 4156 et,
289 4080 402 4147 mutata
414 4084 540 4157 fortuna,
552 4084 670 4157 efficiat,
679 4100 717 4141 ne
731 4080 886 4160 quisquam
901 4077 939 4134 sit
951 4074 1002 4153 qui
1012 4074 1098 4133 nobis
1109 4075 1198 4138 bene·

101 4176 213 4237 lactum
226 4178 305 4238 relit.

44 4298 55 4315 ·
129 4271 207 4328 -13.-
217 4269 321 4349 Neque
333 4271 448 4331 veroid
466 4270 560 4331 solum
574 4267 739 4329 cavendum
755 4272 812 4337 est,
825 4258 1032 4331 Athenienses,
1044 4278 1081 4319 ne
1094 4258 1198 4339 iniuria

101 4359 262 4437 ludantur,
277 4366 327 4441 qui
347 4362 481 4443 privatim
497 4360 578 4424 vobis
591 4358 765 4421 mesfacere
778 4353 944 4426 voluerunt,
956 4360 989 4417 et
999 4370 1031 4421 ιι
1045 4350 1153 4421 talibus
1166 4364 1198 4422 at
