2934 5000
330 334 392 395 ns
413 333 525 396 unns
545 333 682 397 nnsrs
703 286 956 439 ιιιιιιοιιιι.
1138 339 1198 404 ιιι

101 505 197 548 meet
208 495 306 564 nsque
318 487 405 561 seire,
415 505 512 568 neque
522 489 703 569 participate,
714 499 747 552 et
759 487 872 560 iddidi,
881 505 979 566 neque
991 486 1080 550 etiem
1093 507 1197 568 exspe-

103 589 193 640 etsre
222 579 264 637 Ut
278 588 377 640 nutem
394 600 447 641 ros
468 581 541 642 illud
554 583 740 650 rerburnnec
752 579 953 662 armandi,
965 597 1044 660 egre
1056 580 1206 654 lerebstis,

102 669 203 742 facite,
215 670 346 748 inquens,
360 671 566 746 Athenienses,
587 674 612 732 si
625 673 696 753 quid
708 675 830 734 istorum
845 673 955 734 lentum
968 671 1066 744 fuerit,
1085 683 1119 732 ut
1133 674 1206 734 istos
1273 685 1290 695 ”

100 761 244 832 laudetis,
258 770 289 820 et
302 763 423 836 ornetis,
436 775 468 824 et
489 765 605 824 coronis
625 765 751 839 donetis,
763 785 810 824 me
823 783 892 826 vero
911 783 989 824 non:
1011 764 1065 824 sed
1086 767 1111 826 si
1132 766 1205 844 quid

59 865 74 886 ⁶
101 869 192 912 unns
200 851 353 923 nesiderit,
368 854 431 914 istis
443 855 609 936 irascimini,
620 875 677 936 ego
688 875 759 918 sero
771 857 856 918 endo.
887 856 956 916 Non
976 875 1065 931 nnnc,
1088 845 1205 937 suhjieli

101 943 263 1005 AEsebines
283 945 350 1016 iste,
365 961 425 1010 non
438 966 519 1008 nune
532 947 615 1020 oede,
633 949 687 1009 sed
704 949 771 1010 side
783 969 821 1009 ne
833 959 906 1010 tunc
922 950 976 1011 tibi
988 951 1137 1012 vendices.
1158 952 1205 1014 lu

99 1037 162 1108 det,
171 1034 302 1115 inquens,
314 1035 371 1096 nisi
383 1038 471 1097 veliin
479 1055 547 1099 esse
560 1039 688 1118 injurius.
703 1041 749 1099 At
758 1033 942 1102 Philooietes
954 1053 1023 1121 post
1038 1043 1120 1104 illum
1133 1061 1202 1104 sur«

100 1145 176 1206 gens
194 1127 284 1188 valde
305 1129 472 1201 insolenter,
496 1128 539 1189 nil
563 1129 679 1204 mirum,
704 1129 810 1210 inquit,
833 1141 889 1206 est,
910 1133 1112 1209 Athenienses,
1136 1153 1197 1196 nen

99 1218 203 1279 estem
225 1220 317 1280 videri
340 1222 411 1282 mihi
427 1240 495 1301 qun
507 1222 720 1298 Demostheni3
740 1223 852 1284 usmis
874 1224 992 1304 quidem
1012 1245 1127 1305 nqnsnr,
1141 1247 1200 1308 ego
1282 1285 1287 1292 .

101 1313 285 1372 serotinum
296 1312 376 1373 bibo.
405 1315 514 1376 lbivns
524 1315 677 1375 ridebatis.
818 1363 823 1376 .

146 1406 194 1462 17.
215 1403 285 1462 Jsm
298 1403 448 1463 decretum
469 1406 665 1479 considerate,
682 1405 884 1478 Athenienses,
908 1406 987 1484 quod
1005 1416 1109 1486 postea
1129 1410 1201 1469 seri·

99 1493 233 1552 bendum
242 1497 354 1554 eurevit
365 1495 555 1555 Philoctetes.
570 1495 648 1559 Nam
659 1494 751 1557 obiter
759 1493 877 1574 quidem
887 1497 989 1558 assditu
1000 1517 1069 1558 esne
1079 1499 1200 1577 pttnels-

100 1603 168 1643 rum
186 1593 250 1643 ests
272 1585 327 1644 sed
338 1585 363 1644 si
375 1585 441 1664 quis
459 1595 592 1665 tempore
603 1587 786 1666 computent,
800 1589 905 1665 quibus
919 1587 1060 1668 seriptum
1080 1589 1147 1661 fuit,
1169 1599 1200 1650 et

99 1674 324 1754 pollicitationes
344 1691 419 1754 ques
437 1678 495 1740 itte
515 1678 579 1736 tuin
589 1675 744 1749 efferebat,
764 1679 920 1752 constabit,
936 1697 987 1740 eos
1004 1679 1076 1738 nihil
1096 1680 1202 1741 iecisse
1223 1699 1226 1706 ·

101 1767 290 1844 nlind,quens
303 1767 460 1827 tredidisse
474 1765 651 1847 Philippoet
661 1765 807 1831 'l'bebsuis
822 1763 1000 1838 Pboeenses,
1010 1777 1126 1830 tentum
1139 1789 1201 1832 nnn

102 1859 237 1918 menibus
251 1867 413 1938 posttergn
420 1857 561 1938 religatis.
576 1855 690 1920 'Reeite
702 1859 863 1920 deereturn.
963 1893 967 1900 ·
1114 1897 1116 1900 -

459 2078 463 2087 '
508 2059 512 2064 ⁸
532 2019 778 2132 DECREPUM.

109 2209 236 2282 Videtis,
260 2209 476 2281 Athenienses,
503 2211 655 2270 decretum
675 2211 793 2288 quentis
812 2210 948 2270 leudibus
968 2221 1000 2270 et
1024 2213 1203 2292 benignitate

106 2303 263 2362 verborum
282 2302 321 2362 sit
340 2302 495 2370 referuntur
518 2312 550 2361 et
560 2321 618 2380 psx
636 2301 751 2372 efflent,
770 2299 872 2380 inquit,
892 2311 956 2361 esto
971 2321 1043 2378 quer
1058 2303 1204 2392 Philippo,

106 2393 197 2454 etism
209 2393 334 2471 posteris
346 2394 420 2473 ejus,
435 2403 468 2454 et
479 2393 623 2463 societnss
643 2403 675 2452 et
690 2391 827 2452 laudetur
841 2392 1004 2472 Philippus,
1017 2394 1098 2471 quod
1120 2394 1206 2476 pelli,

107 2495 192 2549 netur
206 2506 239 2546 se
251 2486 397 2547 iacturum
409 2506 447 2547 ea
457 2506 524 2566 quas
537 2506 624 2564 esque
635 2485 704 2545 sint
727 2483 838 2545 Verum
851 2485 922 2545 nihil
935 2483 984 2545 ille
993 2483 1112 2563 quidem
1120 2485 1205 2564 pout

106 2579 186 2639 eitus
200 2580 305 2653 luerst,
317 2580 371 2641 sed
384 2589 499 2641 tanturn
511 2580 616 2639 aberet
626 2598 644 2639 e
656 2576 834 2658 pollicendo,
847 2586 882 2637 ut
894 2597 925 2637 se
937 2578 1071 2656 ignorare
1086 2578 1205 2651 diceret,

106 2690 169 2748 qua
181 2691 214 2731 re
234 2674 316 2733 vobis
329 2672 544 2751 grsdtoeretur
553 2691 563 2739 3
573 2672 641 2731 iste
652 2680 752 2731 entem
765 2689 818 2751 pso
833 2688 869 2730 eo
882 2669 1065 2749 loquebatur,
1077 2668 1205 2748 etpolli-

107 2763 240 2823 eebstur.
265 2763 444 2825 Philocrates
470 2764 560 2843 igitur
576 2781 628 2823 ros
646 2763 677 2826 in
695 2762 781 2822 istius
801 2762 892 2823 verbe
910 2778 1074 2843 propensos¹
1090 2769 1206 2835 metus,

106 2853 180 2913 illud
190 2855 321 2917 inscribit
329 2857 465 2925 dseretm
480 2854 562 2936 quod
571 2854 629 2915 nisi
638 2854 761 2915 iecerint
768 2854 939 2916 Phooenoes
947 2872 983 2913 ee
992 2872 1059 2933 qun
1069 2852 1205 2924 debeant,

107 2952 165 3005 nee
186 2946 449 3026 Amphictyonibus
469 2947 611 3026 tensplum
630 2945 811 3015 tradiderint,
834 2946 972 3026 populum
991 2942 1205 3005 Atheniensem

22 3030 26 3035 ’
106 3037 217 3097 milia
230 3038 385 3097 missurum
397 3050 502 3102 conns
514 3058 577 3112 eos,
588 3058 641 3117 per
653 3058 728 3117 qnos
744 3050 812 3112 stet,
824 3030 883 3119 nuo
896 3039 992 3099 ιιιίιιιιι
1006 3056 1043 3098 ee
1055 3038 1136 3099 flant.

152 3131 201 3185 18.
223 3129 337 3205 ltnqne,
350 3131 553 3196 Athenienses.
567 3130 651 3189 vobis
664 3132 745 3191 domi
759 3132 943 3191 manentibus
950 3139 984 3190 et
994 3149 1055 3190 non
1069 3130 1203 3211 egressis,

105 3228 141 3278 et
152 3216 294 3294 regressis
306 3217 539 3299 Lacedaemonio
551 3219 657 3278 frende
669 3222 883 3294 animadversa,
897 3231 928 3283 et
936 3221 1053 3281 nemine
1065 3220 1124 3280 elio
1134 3222 1206 3281 An·

105 3307 300 3389 pbietyonsm
321 3316 581 3387 prsesenteprseter
598 3308 757 3368 'lhessalos
771 3318 803 3367 et
813 3308 982 3379 lhebenos,
999 3308 1119 3367 ιιιίιιιιιιιι
1136 3328 1206 3371 nutu
1278 3354 1281 3361 .
1310 3302 1316 3310 ’

104 3395 279 3471 offusione,
299 3407 331 3458 et
341 3397 540 3458 moderatione
552 3416 669 3459 snmnsn
681 3398 806 3476 scripsit,
820 3398 961 3477 templum
979 3396 1037 3457 illis
1059 3415 1125 3457 esse
1144 3408 1205 3461 tre·

106 3490 250 3564 dendnm,
263 3510 332 3551 curn
344 3490 519 3551 tradendum
531 3508 597 3549 esse
611 3489 776 3568 scripsisset
783 3487 1054 3569 Amphictyonibus.
1070 3488 1206 3557 Quibnsl

106 3601 205 3662 neqne
225 3583 300 3641 enirn
314 3574 405 3643 ¹'erent
427 3581 467 3643 ibi
489 3582 548 3654 alii,
566 3599 656 3660 quern
677 3580 850 3639 Thebeniet
863 3580 1004 3645 thessali
1028 3580 1089 3641 Sed
1108 3602 1202 3665 neque

106 3673 265 3735 oonsoeeri
277 3674 365 3753 jussit
385 3672 627 3753 Mpbiotyones,
649 3690 744 3751 neque
764 3670 873 3731 differri
892 3670 961 3731 dnm
983 3675 1201 3748 convenissent,

108 3785 206 3844 seque
218 3766 385 3825 Proxenurn
393 3766 469 3827 lene
480 3784 567 3845 open
581 3764 792 3836 Phocensibns,
802 3765 1033 3843 neqneedneere
1042 3766 1204 3827 excretum

110 3857 316 3931 Athenienses,
326 3877 424 3936 neque
441 3857 500 3917 tale
513 3858 679 3937 quiequam.
708 3856 787 3925 Quin
801 3857 940 3923 etliteras
955 3857 1032 3919 misit
1050 3856 1203 3935 Philippus
1269 3892 1275 3905 ·

49 3937 54 3949 ¹
110 3948 762 4028 binnsqntesoenbsntsosmonutaxiretis.
785 3948 990 4030 Nequequssr.
1012 3947 1116 4025 Neque
1124 3945 1204 4005 enim

110 4040 239 4121 spstism
251 4040 428 4112 sustulisset,
445 4060 506 4121 qno
518 4043 598 4101 exire
610 4040 791 4120 possimus,
801 4050 835 4101 et
847 4052 911 4101 tuen
928 4040 1045 4099 demum
1057 4045 1203 4113 venenet,

109 4152 205 4211 neque
216 4117 264 4193 sne
277 4132 337 4194 bno
348 4126 552 4213 neiigatsrunr
564 4132 753 4205 detinuisset·
762 4152 858 4212 neque
879 4132 952 4193 telis
961 4131 1050 4189 utun
1058 4127 1149 4189 serbe
1160 4126 1205 4189 in·

111 4225 450 4305 eerejnssissetquibns
459 4225 581 4286 adducti
593 4244 647 4286 sos
656 4225 775 4285 minime
785 4222 891 4285 exituri
903 4221 1010 4281 eretis:
1031 4217 1084 4277 sed
1097 4217 1204 4301 idspe·

110 4315 212 4385 stavit.
223 4326 260 4377 nt
282 4337 346 4390 ros,
357 4327 496 4397 pntnntes
509 4336 577 4393 euru
591 4317 735 4377 facturam
746 4332 815 4393 que
830 4310 955 4383 velletis,
966 4308 1037 4372 nihil
1050 4310 1206 4373 eisontrs'-

108 4406 188 4483 sium
204 4408 410 4497 deoennetis,
424 4416 456 4487 et
469 4410 637 4471 Phocenses
649 4409 709 4469 sin
719 4426 781 4468 non
794 4402 1006 4485 propulsarent,
1019 4422 1120 4486 neque
1129 4405 1204 4467 resi·
