2934 5000
509 239 665 320 obsuto
683 239 747 310 DE
760 241 884 310 ercet
936 244 939 250 “
1208 241 1263 304 θ.

7 401 8 432 r
109 457 114 462 .
149 389 190 460 bt'
201 393 290 459 rubus
306 405 428 478 quernis
450 401 541 462 tunes
553 391 592 464 ud
606 401 763 464 dicendum
774 389 1024 482 progressuss'um
1031 393 1267 459 usrbnis'cium.

6 534 8 550 ,
152 490 229 550 Gneo
243 511 297 554 nos
310 494 399 574 legsti
413 507 517 556 erecto
530 496 567 556 de
580 515 653 577 pnce
659 496 850 576 jurejurando
858 491 1055 566 rediissemus,
1078 500 1109 552 et
1127 491 1250 570 quidem

150 582 360 661 pollicerentur
370 587 431 648 lore
443 595 478 648 ut
489 587 625 667 Thespio
638 597 669 648 et
682 586 803 647 Pteme
825 587 1064 656 instaurarentur,
1077 580 1248 662 Philippum

152 686 251 736 entem
266 677 445 752 Phocenses,
465 679 489 740 si
507 679 536 739 iu
557 691 641 741 suum
655 688 836 760 potestatem
858 677 982 758 rediget,
1000 683 1249 746 conserveturum,

152 785 190 827 ee
204 767 410 830 Thebanorum
422 770 569 832 dunsten
582 770 819 844 dissociatum,
828 770 960 851 Oropum
969 779 1096 834 vescum
1105 767 1249 837 semrom,

151 871 184 922 et
201 861 344 922 Euhoeem
366 881 420 943 pro
439 863 612 943 Amphipoli
630 883 684 925 roe
703 873 884 945 recepturos,
906 881 975 923 cnm
995 859 1122 940 denique
1148 858 1248 941 plures

152 957 297 1034 quemodi
310 973 379 1038 spes
391 967 423 1018 et
435 957 729 1040 lullscicujnetorrsrt,
743 959 850 1037 qnibcs
863 973 917 1017 uos
937 955 1050 1016 inducti
1062 973 1159 1034 neque
1169 951 1250 1013 utili·

151 1051 221 1114 tetis
246 1069 341 1130 neque
365 1049 509 1130 equitetis
534 1051 796 1131 ueqnedigultstis
809 1060 915 1111 vestre
932 1049 1032 1110 hebite
1043 1048 1155 1111 reticem
1168 1043 1252 1104 Pus·

152 1157 258 1210 censeo
277 1139 464 1214 deseruistis,
477 1143 531 1201 lec
553 1143 661 1220 inpones
674 1163 735 1202 cem
745 1147 862 1220 fierent,
875 1141 1026 1222 epperebit
1037 1159 1084 1200 me
1101 1139 1131 1200 in
1143 1137 1250 1200 borum

150 1235 235 1294 nullo
241 1234 286 1294 rel
293 1234 434 1294 struxisse
443 1233 577 1295 fraudem
587 1235 634 1294 rel
644 1231 750 1313 sliquid
760 1235 898 1308 tacuisse,
911 1234 965 1294 sed
974 1229 1251 1314 predixissercbie,

152 1325 243 1405 idque
255 1325 334 1386 hund
356 1325 444 1386 dubie
458 1327 640 1400 meministis,
660 1345 708 1386 me
730 1327 802 1389 telin
820 1345 914 1406 neque
935 1326 1010 1388 scire
1027 1343 1123 1403 neque
1144 1341 1250 1402 exspe-

151 1427 245 1492 ctere,
259 1417 313 1477 seul
326 1417 431 1496 ungeri
444 1435 512 1477 enm
527 1405 649 1478 censere
662 1418 838 1497 quicumque
862 1416 934 1477 telio
951 1416 1144 1496 profiteretur.
1174 1411 1250 1474 Herc

151 1507 244 1587 igitur
254 1507 361 1580 omniu,
375 1527 443 1587 quse
456 1527 503 1568 me
517 1509 625 1569 rectius
640 1525 728 1588 quem
741 1508 812 1570 elios
823 1508 993 1588 previdisse
1006 1517 1131 1578 constet,
1144 1524 1252 1584 nequep

154 1600 365 1673 Athenienses,
379 1600 521 1678 singulari
541 1617 614 1660 mete
635 1601 762 1660 solertim
780 1599 943 1661 sdscrffim
964 1617 1064 1679 oeque
1084 1607 1254 1678 orsogmtes

152 1692 330 1772 medicabo,
347 1702 399 1752 ent
421 1692 459 1752 ob
483 1691 564 1753 uliud
586 1692 745 1771 quicquam
772 1711 821 1751 sne
846 1691 1010 1771 intelligere
1035 1701 1068 1753 et
1093 1691 1253 1772 mugire

152 1785 320 1864 profitebor,
334 1802 422 1863 quem
442 1793 562 1864 propter
575 1784 641 1844 hren
661 1803 729 1864 quse
750 1782 833 1844 robis
860 1801 1006 1862 erponem
1025 1783 1095 1854 duo,
1115 1784 1253 1864 primum,

155 1875 359 1948 Athenienses,
372 1875 411 1935 ob
423 1874 582 1947 sermnem,
601 1893 691 1954 quem
716 1887 774 1953 ego
791 1873 871 1936 omui
882 1874 1034 1935 hominnm
1045 1874 1207 1954 nugacitate
1219 1884 1252 1936 et

153 1967 299 2047 sapientie
322 1967 467 2047 potiorem
485 1965 581 2039 rideo,
600 1963 718 2037 deiude,
741 1965 821 2045 quod
849 1965 940 2043 gredo
962 1958 1083 2046 negotiu
1097 1966 1201 2046 judico
1221 1977 1254 2028 et

155 2058 323 2130 considero,
349 2073 444 2135 neque
464 2055 558 2115 ullum
579 2055 804 2116 emolumentum
821 2051 857 2116 ils
879 2075 946 2134 qure
975 2075 1033 2136 ego
1060 2055 1178 2137 publice
1201 2051 1255 2121 sut

154 2169 228 2231 gero
243 2159 293 2209 ent
307 2148 374 2210 dieo
396 2147 552 2208 ostendere
563 2145 717 2224 qnisquem
731 2155 832 2226 potest
843 2162 1015 2226 uppeusnm.
1047 2147 1142 2209 Recte
1154 2149 1254 2228 igituir,

155 2243 182 2305 si
196 2241 277 2322 quod
287 2241 364 2302 inest
377 2242 465 2301 rebus
477 2241 588 2300 bonnm
601 2238 800 2320 publicum,·in
811 2237 913 2297 oculos
921 2238 1140 2299 meosincurrit
1165 2240 1255 2309 Quod

159 2336 268 2398 sivero
287 2335 317 2393 in
341 2333 478 2393 utrumvis
490 2341 603 2412 purtem
616 2330 707 2390 ueluti
719 2330 750 2390 iu
762 2329 901 2392 trutinum
926 2337 1079 2408 argeutum
1096 2333 1256 2412 superinje.

157 2429 242 2501 ceris,
258 2426 319 2486 abit
333 2425 431 2486 stetim
450 2425 588 2485 deorsum
603 2431 634 2483 et
653 2421 865 2482 deliberantem
887 2419 974 2482 simul
987 2421 1117 2484 enimum
1130 2423 1177 2484 ed·
1187 2445 1255 2488 sese

156 2520 242 2599 repit,
263 2538 359 2598 neque
368 2518 431 2600 jem
453 2518 578 2598 emplius
599 2526 652 2577 eut
671 2524 752 2577 recte
772 2524 824 2576 snt
840 2514 953 2577 sincere
966 2514 1028 2576 ulls
1044 2516 1083 2577 de
1099 2536 1131 2579 re
1143 2517 1256 2581 delibe-

157 2627 221 2672 rnre
234 2622 332 2693 potest
341 2610 390 2670 ille
404 2610 453 2689 qui
465 2610 540 2670 istuc
552 2608 662 2670 lecerit.

199 2708 230 2763 4.
252 2704 351 2765 Unum
364 2704 451 2782 igitur
463 2702 492 2761 iu
505 2702 605 2783 primis
626 2699 785 2763 tenendum
806 2722 874 2763 esse
886 2701 964 2776 dico,
983 2710 1018 2763 ut
1033 2701 1096 2763 sire
1116 2703 1183 2783 qnis
1204 2722 1254 2767 w

158 2796 220 2859 cios
243 2797 302 2857 siue
325 2794 433 2855 tribute
456 2795 517 2855 siue
540 2794 618 2854 eliud
639 2794 787 2875 quippiam
807 2794 974 2876 reipublice
991 2794 1062 2856 velit
1079 2794 1255 2871 edsmsoere,

157 2890 190 2951 id
204 2890 284 2949 eolre
296 2908 332 2949 ee
345 2904 433 2969 quem
446 2886 561 2965 egimus
574 2904 649 2966 pece
667 2884 815 2959 conliniet,
838 2900 897 2947 uon
917 2886 999 2965 quod
1012 2884 1189 2950 udmiuuhilis
1202 2890 1267 2953 illu.

155 2983 289 3046 sitente
301 2990 399 3040 vestre
411 2978 572 3059 dignitate:
594 2978 647 3038 sed
661 2977 757 3058 quelis
773 2978 868 3057 quelis
881 2988 938 3051 est,
951 2980 1141 3059 opportunius
1152 2980 1256 3061 ntique

157 3075 247 3137 rebus
259 3073 363 3133 uestris
380 3072 484 3131 luisset
493 3089 554 3131 nou
567 3069 730 3131 coniecisse
743 3088 833 3149 quum
845 3070 1012 3133 conlectum
1030 3088 1109 3132 nunc
1131 3090 1151 3131 e
1171 3073 1256 3135 vobit

158 3168 303 3231 dissolvi:
323 3165 416 3225 multe
429 3166 506 3225 euim
519 3164 702 3244 projecimus,
722 3182 790 3243 quse
802 3184 871 3225 cum
882 3174 983 3225 essem
1003 3165 1130 3245 integre,
1146 3166 1256 3228 bellum

154 3261 212 3321 illo
219 3270 349 3339 tempore
358 3256 448 3317 tutius
461 3274 479 3316 e
492 3257 577 3317 uobis
591 3266 680 3334 etque
694 3254 808 3316 lucilius
817 3274 907 3335 quem
921 3274 1001 3317 nunc
1014 3257 1134 3317 conflari
1143 3271 1253 3337 posset.

159 3352 277 3413 Deinde
289 3348 535 3431 prospiciendum,
548 3348 752 3421 Athenienses,
772 3349 885 3420 uehis,
908 3348 959 3429 qui
978 3368 1059 3411 nnnc
1079 3360 1257 3413 conventum

158 3453 255 3523 egunt
268 3461 303 3503 ee
316 3460 348 3503 se
368 3440 601 3521 Amphictyones
624 3438 738 3511 dicunt,
751 3439 958 3501 uecessitstem
971 3438 1058 3501 simul
1079 3459 1257 3525 mummque

159 3536 319 3615 injiciamus
331 3532 400 3594 belli
410 3530 572 3593 communis
582 3540 686 3593 conns
697 3544 756 3591 mot
763 3530 933 3608 mxipieedi.
974 3530 1040 3611 Ego
1049 3532 1137 3607 cubo,
1146 3535 1172 3595 si
1181 3535 1260 3599 intes

159 3646 216 3689 uns
235 3636 265 3687 et
283 3624 452 3707 Philippum
465 3626 588 3684 oriretur
600 3624 699 3685 denno
716 3625 827 3686 bellum
841 3624 881 3684 ob
893 3622 1091 3705 Amphipolim
1105 3637 1157 3688 eut
1169 3629 1258 3690 stim

160 3720 288 3799 nliquum
307 3716 447 3798 priostum
463 3718 703 3791 controuersiam,
716 3736 785 3797 qure
803 3733 901 3796 neque
913 3716 1071 3778 lhesselcs
1090 3736 1188 3798 neque
1201 3721 1257 3781 Ar·

158 3812 244 3891 givos
260 3828 354 3889 neque
368 3808 525 3871 Thebuucs
538 3808 704 3887 respiceret,
714 3830 773 3869 non
783 3818 858 3890 put'o
869 3808 951 3869 robis
962 3808 1067 3868 horum
1082 3826 1259 3889 quemquem

159 3902 271 3963 bellum
285 3901 433 3961 illaturum
446 3920 482 3961 ee
500 3900 618 3961 minime
638 3903 847 3965 omnium—ne
868 3920 940 3963 rere
958 3900 1102 3980 quispiam
1116 3902 1257 3967 obturbet

160 3996 331 4077 priusquam
346 3980 737 4054 audierit‘lhehenos-neu
751 3992 832 4073 quod
845 3992 931 4054 nobis
954 3991 1083 4071 cupium,
1103 4008 1164 4051 nou
1177 3996 1260 4073 qnod

160 4088 256 4149 nolint
269 4104 288 4146 e
302 4086 438 4167 Philippo
448 4085 569 4164 grstium
588 4087 737 4167 eucupnri,
758 4087 811 4148 sed
830 4084 939 4166 optime
965 4092 1084 4155 norunt,
1107 4093 1259 4167 utensque

161 4198 213 4241 eos
225 4176 381 4239 hebetioris
395 4196 461 4237 esse
472 4176 581 4256 ingenii
594 4178 737 4258 quispiam
751 4178 841 4250 dicet,
855 4177 881 4239 si
899 4175 980 4237 bello
993 4174 1148 4238 nobiscum
1160 4178 1256 4261 impli-

161 4281 276 4343 centur,
288 4268 367 4329 mele
387 4263 504 4347 q'uidem
528 4269 625 4329 omnin
642 4270 680 4329 ed
703 4271 771 4330 sese
790 4276 976 4349 peruentum,
995 4268 1135 4337 utilitetes
1161 4282 1278 4345 notem,

163 4364 255 4427 elium
274 4364 359 4422 otium
378 4358 561 4423 deridentem
582 4361 833 4439 intercepturomr
857 4378 1012 4445 uuuqm
1029 4364 1181 4457 ipimueo'
1196 4384 1263 4428 esse

700 4468 735 4509 rr.

1165 4782 1465 4990 ,A
