2934 5000
433 310 606 375 unsrun
628 312 927 403 muucaemm
993 378 999 384 ,
1089 302 1093 308 ’
1154 322 1217 383 ιιι

115 482 177 538 ser,
191 464 270 545 apud
283 474 335 526 rus
347 481 442 547 paam
453 468 569 548 pressari
588 468 665 541 volo,
680 488 748 547 ques
760 489 781 530 n
793 468 934 531 retliena
945 490 1005 530 non
1022 481 1118 531 arunt
1139 472 1216 553 Εςοι

118 556 323 631 Athenienses,
341 560 458 641 suscepi
472 560 636 622 inimicitias
652 560 778 621 bominis
800 562 922 641 improbi
943 574 975 623 et
993 563 1099 638 odiosi,
1111 574 1143 625 et
1159 565 1216 624 diis

114 648 417 721 insimulandum
439 662 503 715 tota
522 672 637 733 quoque
658 654 761 713 civitas
779 653 897 714 inimica
919 654 1001 715 iacta
1021 667 1077 724 eet,
1099 656 1218 716 Andro-

112 742 228 803 tiouem
238 743 318 802 dico.
342 742 496 823 Tantoque
506 764 570 803 sum
581 744 765 823 gravmribus
772 747 811 808 ab
820 764 857 804 eo
867 746 976 825 injuriis
990 746 1114 806 affectus
1126 764 1217 824 quent
1291 796 1299 803 .

114 831 272 906 Euctemo,
292 834 371 912 quod
391 835 440 894 hic
460 835 594 915 pecunia
610 836 779 895 nonnullam
789 837 935 916 jacturam
956 838 1044 915 tacita
1066 856 1122 917 ego
1138 856 1218 912 vero,

113 928 144 987 si
162 935 288 985 cunutus
305 926 386 985 illius
408 927 611 987 messenatae
629 928 755 1007 improbi
770 948 941 989 successum
958 930 1144 1002 habuissent,
1158 944 1218 989 non
1296 990 1301 999 ,

114 1018 209 1079 modo
228 1016 355 1078 ιίιιιιιιίι
369 1018 515 1091 omnibus,
530 1018 583 1079 sed
601 1020 663 1078 vita
681 1020 770 1079 etiam
788 1020 853 1097 ipse
868 1040 967 1080 essem
987 1021 1139 1100 spoliatus,
1158 1022 1218 1085 imo

114 1132 175 1173 nec
186 1112 218 1171 id
226 1112 307 1191 qaod
316 1128 474 1183 commuue
489 1121 534 1171 est
543 1112 691 1184 omnisne,
699 1113 843 1173 excedere
854 1114 914 1175 vita
922 1116 994 1173 mibi
1008 1116 1093 1175 facile
1103 1117 1216 1175 luisset.

117 1202 196 1264 Nam
210 1204 388 1275 eacrimina,
403 1222 471 1281 quae
485 1202 528 1263 vir
539 1204 669 1282 prudens
683 1204 772 1263 etiam
785 1204 891 1264 inritus
905 1208 1046 1278 nominet,
1057 1217 1158 1266 contra
1168 1226 1217 1265 me
1234 1216 1237 1221 '

113 1306 313 1370 commannis,
328 1306 362 1355 ut
378 1297 428 1375 qai
443 1306 555 1375 panem
568 1295 743 1355 occidissem
746 1295 1006 1376 ιιιιιιιιριιιιιιι
1018 1299 1156 1377 impacta
1170 1319 1217 1392 ma

112 1387 290 1447 rerrmfenit.
313 1386 348 1445 In
364 1404 422 1466 quo
435 1388 560 1468 judicio,
575 1387 653 1465 quod
667 1388 799 1466 quintam
814 1388 1016 1467 suffragiorum
1029 1400 1143 1468 partem
1155 1410 1216 1450 non
1342 1419 1346 1426 v

115 1479 245 1549 tulisset,
259 1476 341 1537 mille
355 1478 502 1539 drachmis
516 1488 564 1537 eet
577 1478 733 1539 damnatus
735 1500 812 1559 ,ego
826 1492 908 1549 reto,
924 1480 1010 1539 sicuti
1019 1484 1131 1556 justum
1150 1482 1217 1553 tuit,

103 1570 146 1651 ,in
166 1572 266 1649 primis
284 1587 341 1649 epe
362 1570 483 1630 deorum
496 1571 713 1643 immortalium,
732 1571 839 1631 deinde
856 1582 953 1631 vestro
972 1573 1071 1641 ιιίιιιι,
1087 1570 1217 1651 judices,
1321 1646 1331 1659 x

115 1661 235 1735 resilio,
248 1661 405 1723 incolumis
419 1663 507 1722 erasi.
544 1662 641 1719 Eum
633 1664 731 1741 igitur,
754 1680 774 1722 a
792 1682 851 1745 quo
869 1663 976 1723 talibus
993 1682 1089 1722 essem
1102 1662 1216 1723 insidiis

115 1754 274 1832 appetitus,
287 1753 400 1813 bostem
414 1754 484 1811 mibi
497 1753 765 1814 irreconciliabilem
785 1756 956 1815 arbitrabar.
993 1756 1070 1815 Cum
1090 1774 1159 1813 vero
1171 1756 1216 1813 ni.

95 1846 97 1851 ’
114 1848 215 1906 darem
229 1847 267 1907 ab
281 1864 318 1907 eo
329 1845 520 1907 conmuniter
530 1846 779 1906 tctamoivitatem
789 1855 855 1907 esse
867 1847 979 1919 laum,
991 1858 1054 1907 tum
1064 1848 1215 1926 exigendis

111 1938 241 2010 oibutis,
254 1948 317 1997 tum
331 1937 512 1997 enodaveris
525 1937 724 2011 conficiendis,
735 1956 931 2018 magnamque
943 1940 1096 2018 pecuniam
1111 1942 1215 2018 partim

118 2028 273 2101 Minervas,
284 2029 391 2107 partim
403 2028 535 2099 heroum,
553 2028 660 2107 partim
678 2029 815 2103 civitatis,
832 2030 952 2103 hebere,
971 2050 1058 2109 quarn
1072 2046 1132 2090 non
1148 2033 1217 2091 red*

117 2118 210 2191 deret,
223 2136 283 2177 una
303 2136 378 2183 cum
387 2118 571 2177 Euctemone
591 2138 656 2179 sum
676 2140 742 2179 eum
754 2140 925 2199 aggressus,
944 2124 1130 2183 occasionem
1144 2124 1216 2197 mibi

116 2210 218 2271 datam
228 2228 292 2269 esse
306 2220 399 2281 ratus,
412 2218 443 2268 et
456 2209 624 2287 reipublicae
642 2210 849 2281 defendendae,
862 2224 892 2271 et
905 2212 1000 2272 laetas
1013 2215 1104 2272 mibi
1097 2214 1217 2293 injurias

117 2300 295 2363 vindicandi.
330 2300 446 2360 Vellem
457 2310 558 2359 nutem
577 2308 668 2369 etms
682 2300 744 2361 noti
755 2300 818 2361 fieri
831 2313 1007 2382 compotem,
1031 2312 1063 2362 et
1077 2304 1167 2363 ictum
1181 2324 1218 2365 ea

117 2394 199 2454 luere
212 2411 279 2475 ques
292 2393 459 2453 meruisset.

157 2491 188 2549 4
210 2486 286 2548 Cum
299 2505 368 2546 vern
381 2505 427 2545 res
439 2503 500 2546 non
510 2484 573 2564 jem
587 2494 782 2559 ιοιιιιιιιιι,
794 2485 848 2546 sed
863 2485 986 2566 primum
1000 2507 1022 2547 a
1041 2495 1145 2547 senam
1164 2488 1217 2549 de'

116 2591 225 2652 mnata,
245 2580 353 2640 deinde
367 2599 386 2638 a
402 2579 511 2660 populo
531 2597 608 2637 unus
627 2589 707 2638 totus
727 2578 791 2639 dies
810 2579 838 2636 in
853 2579 899 2638 bis
913 2569 1106 2659 consumptus
1128 2593 1218 2655 esset,

115 2684 315 2754 praetereaque
326 2672 386 2732 duo
393 2671 516 2750 jutsrcia,
529 2669 581 2731 viri
593 2669 670 2730 mille
680 2681 712 2731 et
722 2691 798 2732 unus
812 2691 944 2745 numero,
956 2673 1118 2732 sententias
1129 2673 1219 2733 dinie-
1312 2659 1320 2670 Χ

114 2777 192 2840 ιιιι,
205 2785 301 2844 neque
310 2784 362 2824 reo
370 2765 433 2845 jam
446 2763 538 2822 ullum
553 2761 825 2842 patereteffngium,
839 2781 898 2842 quo
912 2763 1009 2822 minus
1022 2773 1149 2823 vestram
1163 2784 1215 2843 pe·

116 2858 236 2919 renim
256 2877 309 2920 ιιι
330 2856 488 2928 haberetis,
510 2855 690 2914 Timocrates
711 2854 778 2914 hmo
796 2872 864 2933 ques
876 2855 1106 2914 intercesserunt
1118 2856 1218 2917 omnia

115 2967 211 3029 usque
222 2949 296 3008 adeo
306 2947 446 3027 neglexit,
456 2957 491 3006 ut
497 2947 594 3025 legem
605 2964 670 3006 eam
685 2946 769 3020 seret,
783 2965 843 3025 qua
854 2957 886 3005 et
900 2965 984 3006 sacra
996 2947 1215 3026 pecnniedeos,

115 3040 286 3102 electarium
301 3039 418 3118 publica
432 3038 546 3117 spoliet,
561 3057 595 3097 ac
606 3039 726 3096 decreta
736 3047 798 3097 tum
808 3049 942 3111 senatus,
955 3049 1017 3096 tum
1027 3040 1138 3118 populi,
1150 3053 1215 3101 tum

109 3130 431 3209 judiciorumevertat,
447 3129 648 3206 impunitatem
669 3127 795 3205 denique
812 3129 1024 3208 rempublicam
1044 3131 1214 3210 depeculari

116 3221 302 3302 cupientibus
315 3229 469 3300 proponat.
505 3219 581 3287 Qum
600 3217 724 3278 cumita
737 3218 986 3291 sintomnia,hoc
1008 3239 1099 3280 unum
1111 3224 1216 3301 pressio

114 3315 198 3378 elium
210 3311 352 3390 reliquum
369 3329 435 3370 erse
448 3309 644 3381 videaturaut
657 3309 753 3388 legem
769 3321 951 3384 accusatam,
972 3323 1005 3372 et
1022 3313 1127 3373 ιιιιιιι
1147 3334 1215 3376 sen·

115 3407 215 3467 ιιιιίἰι
228 3403 389 3482 subjectam
402 3401 530 3462 refutare
544 3419 693 3460 conemur.

155 3502 185 3559 5.
208 3497 254 3557 Ab
272 3495 353 3554 initio
371 3493 458 3572 igitur
471 3512 532 3552 rem
547 3501 659 3570 gestam
674 3491 755 3552 vobis
770 3465 897 3554 breviter
917 3513 1072 3573 ιιριιιιιι,
1093 3497 1215 3602 ptinjuq·

114 3591 172 3652 rias
187 3607 253 3670 quen
267 3587 297 3646 in
317 3587 375 3646 ista
388 3585 577 3665 legeinsnnt,
595 3583 711 3644 facilius
725 3584 856 3658 dismtis,
871 3595 901 3645 et
914 3586 1116 3665 assequamini.
1154 3589 1215 3651 De·
1271 3653 1277 3658 ,

114 3692 228 3753 erebum
244 3679 316 3742 iecit
334 3678 413 3759 apud
434 3695 487 3738 ιιι
504 3676 666 3756 Aristopho
686 3677 839 3756 eligendos
859 3697 925 3739 esse
948 3680 1146 3760 inquisitores.
1181 3685 1215 3745 Si

113 3777 258 3856 qnlsrero
272 3773 346 3832 sciat
360 3770 487 3850 aliquem
501 3769 550 3848 qni
558 3767 672 3848 aliquid
683 3771 818 3849 pecunia
828 3770 945 3846 hebeat,
959 3773 1021 3833 sire
1033 3793 1137 3846 sacras,
1151 3774 1214 3840 sire

114 3867 249 3947 publices,
259 3875 293 3924 ut
307 3865 388 3924 illum
403 3861 482 3950 apud
496 3879 547 3920 ros
563 3861 687 3929 deierat.
718 3861 792 3922 Post
803 3862 870 3922 heac
881 3865 985 3923 retulit
997 3863 1139 3924 Euctemo
1160 3865 1215 3925 ha·

114 3963 182 4020 bere
194 3957 372 4018 Archeblnm
386 3952 621 4032 et-Lysitbidem,
635 3953 804 4014 trierarchia
816 3955 947 4025 iunctos,
961 3955 1116 4032 pecuniam
1131 3955 1214 4015 Neu-

113 4051 285 4118 cratiticam,
298 4048 495 4109 estimatione
509 4063 615 4106 norem
629 4047 773 4108 talentum
791 4059 822 4107 et
834 4047 954 4124 triginta
971 4045 1125 4105 minarum.
1152 4048 1214 4107 Ae·

115 4145 205 4205 eeseit
223 4144 262 4202 ed
276 4151 421 4210 senatum,
436 4139 725 4200 senatusconsultum
737 4139 881 4217 scriptum
891 4147 946 4196 est.
974 4136 1091 4196 Deinde
1102 4155 1215 4198 conru-

115 4245 183 4297 cata
195 4235 347 4306 concione,
361 4241 516 4294 accusator
525 4240 570 4290 est
583 4231 682 4291 datus.
717 4231 869 4290 Euctemo
875 4242 1040 4288 conscenso
1058 4241 1217 4308 suggestu,

115 4349 181 4390 cum
199 4327 257 4386 elia
272 4325 365 4385 multa
377 4324 458 4395 dixit,
472 4333 535 4382 tum
546 4319 624 4402 apud
634 4343 688 4382 vos
702 4321 891 4390 reconsuite
910 4320 1027 4393 triremi,
1042 4339 1101 4400 qun
1116 4322 1212 4384 Mela·

117 4435 223 4502 nopae,
236 4417 406 4533 Glauoetes,
430 4425 461 4478 et
475 4415 629 4490 Androtio,
641 4401 731 4492 legati
745 4413 784 4473 ad
796 4412 977 4486 Mausolum,
990 4413 1066 4474 vecti
1080 4410 1149 4490 rint,
1162 4435 1213 4476 oe-
1244 4439 1247 4446 ·
