2934 5000
277 306 336 367 oet
563 304 732 375 ,CONTRA
754 295 1092 369 tutsroousrum.

248 417 252 429 A
274 454 377 537 zeloti,
395 456 530 533 sirultie,
549 449 638 531 Siino,
654 456 771 527 Bianor,
789 454 1009 527 Athenodorus,
1025 450 1129 527 infiniti
1145 446 1204 510 elii.
1243 444 1340 514 Quod
1356 444 1384 503 si

276 550 410 631 omnibus
425 550 534 615 endem
547 550 752 624 decernemus,
772 568 811 609 eo
830 549 950 609 tendent
967 546 1100 626 protecto
1117 540 1322 606 deveniemus,
1347 548 1383 594 ut

176 689 180 711 ,
276 642 517 717 mercenariorum
536 640 660 701 militum
680 660 786 702 munus
806 644 950 701 obeuntes
967 639 1147 719 singulorum
1166 635 1308 702 suarem,
1329 649 1383 691 sa·

275 733 398 811 tellituru
413 734 514 807 inetsr,
527 745 680 795 tueamurr
701 733 747 801 ein
761 733 806 795 his
824 722 995 803 trihuemue,
1008 731 1066 790 illis
1079 748 1139 788 non
1152 728 1234 796 item,
1245 722 1381 783 fmudao

269 824 336 902 jure
351 824 499 897 vobiscum
520 826 757 904 expostulsbunt.
786 824 873 903 Agite
892 842 973 894 vero,
986 823 1012 883 si
1030 832 1061 881 et
1075 820 1279 879 Menestsetus
1303 814 1381 873 Ere-

275 914 388 995 triensis
408 916 511 976 eedem
525 917 642 977 decerni
661 917 714 976 sibi
731 926 820 994 petet,
834 925 885 975 out
905 913 1035 995 Phsylus
1050 912 1221 983 Phocensis,
1235 919 1289 973 sut
1300 906 1380 967 elius

274 1006 420 1085 quispiam
443 1006 777 1087 princeps,-juogimus
803 1017 912 1078 eutem,
935 1004 1055 1066 adducti
1079 1022 1158 1082 srepe
1184 999 1381 1080 temporibus,

274 1117 341 1157 cum
357 1098 454 1161 multis
468 1100 661 1172 amicitias-,
676 1108 772 1159 utrum
788 1100 979 1159 decernemus
994 1096 1140 1166 omnibus,
1154 1112 1192 1153 en
1209 1090 1292 1159 nont
1313 1090 1379 1149 De-

276 1210 432 1275 ¹cernemus
441 1192 588 1253 nimirum.
610 1191 710 1271 Atqui,
721 1190 929 1265 Athenienses,
940 1208 1000 1268 que
1013 1188 1111 1269 specie
1126 1184 1272 1267 probabili
1286 1184 1319 1242 id
1332 1184 1378 1241 la·

276 1282 397 1353 ciemus,
414 1284 463 1362 qui
482 1284 678 1364 principatum
698 1282 844 1355 sustinere
861 1301 916 1343 nos
934 1281 973 1343 sd
991 1280 1179 1350 asserendum
1201 1276 1380 1337 Groecorutn

275 1372 439 1435 libertatem
459 1378 636 1455 profitemur,
655 1376 681 1436 si
694 1394 757 1448 eos,
771 1376 822 1456 qui
835 1376 978 1455 privstmn
992 1374 1153 1455 potentiam
1172 1391 1240 1431 oum
1254 1388 1401 1449 oppres·-

277 1465 358 1525 sione
382 1467 743 1543 multitudinis·obtinent,
765 1468 1012 1538 custodierimus?
1032 1465 1178 1546 Equidem
1199 1482 1261 1523 uon
1279 1462 1377 1521 video.

279 1551 356 1617 Nam
371 1560 479 1639 siquid
493 1561 551 1621 tnle
565 1560 689 1641 cuipiam
708 1560 890 1640 largiendum
911 1568 966 1630 est,
981 1557 1104 1636 idquod
1117 1576 1173 1635 ego
1193 1573 1287 1633 nego,
1307 1572 1378 1615 eoo·

279 1640 344 1710 ¹l'erri
359 1651 448 1711 dehet
459 1652 582 1731 primurn
595 1652 626 1712 in
639 1672 717 1725 eum,
740 1651 789 1733 qui
811 1673 866 1714 nos
888 1650 971 1711 nulle
989 1670 1118 1730 unquam
1136 1648 1236 1708 effecit
1251 1646 1379 1727 injuria:

277 1740 384 1801 deinde
399 1742 427 1801 in
436 1762 513 1815 eum,
524 1744 584 1822 qui,
598 1764 636 1804 ne
648 1745 767 1823 quidem
781 1746 805 1804 si
819 1744 898 1815 velit,
912 1744 1006 1823 possit
1018 1742 1143 1801 loedere:
1164 1750 1328 1819 postremo,
1340 1738 1378 1797 de

276 1852 336 1919 quo
350 1842 464 1893 constet
477 1836 622 1907 omnibus,
636 1855 701 1895 eum
715 1836 781 1897 hoec
794 1836 927 1915 eocipere
936 1855 989 1915 pro
1002 1832 1171 1895 defeccione
1183 1850 1247 1891 sum
1261 1829 1378 1901 solutis,

278 1942 337 1997 non
348 1924 387 1983 ed
397 1924 596 2002 impunitatem
611 1925 714 2013 eliense
728 1925 831 1984 solutis
845 1925 1062 2007 oppugnando.

280 2080 287 2089 ,
318 2017 367 2074 32.
389 2014 597 2076 Charidemum
611 2028 709 2076 eutem
727 2034 785 2076 nec
797 2016 869 2076 nihil
881 2018 912 2077 in
930 2037 984 2077 vos
1003 2017 1173 2096 deliquisse,
1188 2034 1247 2077 nec
1264 2014 1376 2077 donum

276 2107 355 2169 istud
368 2108 511 2189 occipere,
520 2119 554 2169 ut
565 2130 602 2169 ne
615 2110 687 2190 quid
697 2108 767 2169 meli
780 2111 916 2189 potietur,
930 2120 1087 2188 pretereo:
1109 2110 1162 2167 sed
1176 2127 1232 2167 nec
1244 2108 1337 2167 fidem
1349 2108 1377 2167 ei

276 2200 440 2287 habendum
457 2203 567 2263 esseio
585 2212 746 2282 posterum,
756 2220 793 2264 ex
807 2221 854 2261 me
867 2201 978 2272 audite,
992 2210 1081 2278 etque
1094 2198 1288 2269 considerate,
1305 2218 1376 2257 num

277 2304 387 2369 rectem
403 2294 617 2373 investigandus
635 2294 676 2354 rei
690 2294 767 2355 riom
787 2292 921 2351 insistere
942 2291 1051 2352 ridear.
1081 2290 1146 2369 Ego
1166 2292 1209 2349 sic
1227 2284 1392 2362 existimo(

181 2396 184 2403 ⁴
276 2384 481 2461 Athenienses,
494 2386 544 2467 qui
557 2394 719 2446 sestromm
733 2384 930 2445 institutomm
942 2393 974 2443 et
985 2382 1085 2461 legum
1098 2380 1254 2453 desiderio,
1261 2380 1314 2460 jus
1332 2380 1374 2440 ci·

277 2476 371 2550 nitatis
382 2476 504 2558 adipisci
514 2476 699 2550 studuerunt,
713 2495 765 2536 eos
779 2473 866 2536 simul
880 2482 912 2534 et
922 2474 982 2534 voti
998 2482 1148 2553 compotes
1161 2472 1234 2546 lieri,
1246 2481 1278 2532 et
1292 2470 1375 2552 epod

215 2647 219 2652 .
268 2585 328 2643 vros
345 2567 487 2642 habitere,
506 2577 537 2628 et
553 2567 899 2648 rerumuesidersnmm
916 2565 971 2624 irui
988 2565 1214 2626 communitates
1234 2564 1287 2642 qui
1305 2583 1376 2624 rero

275 2670 411 2720 neutrum
431 2661 535 2722 horum
553 2660 601 2722 rel
623 2659 799 2734 desiderent,
819 2660 867 2722 rel
889 2659 1079 2729 sdruirnntur,
1101 2658 1155 2720 sed
1173 2658 1270 2718 solum
1282 2658 1375 2723 ae‘mo-

275 2751 438 2826 lumentum
455 2763 600 2832 spectent,
613 2771 672 2829 quo
684 2763 801 2832 propter
812 2753 902 2812 vestri
916 2751 1034 2812 honoris
1047 2750 1213 2831 opinionem
1224 2751 1376 2824 fruuntur,

276 2863 329 2922 eos
349 2843 478 2918 arbitror,
492 2845 540 2905 vel
554 2845 624 2905 satis
644 2845 707 2904 scio
720 2845 828 2925 potius,
842 2845 936 2906 sicubi
947 2844 1064 2925 mejoris
1084 2842 1273 2903 emolumenti
1287 2863 1375 2923 spem

276 2937 488 3017 prospexerint,
499 2938 581 2996 vobis
590 2956 709 3022 prorsus
719 2937 873 3016 neglectis,
886 2937 966 3000 illem
975 2936 1157 2998 sdomturos.
1171 2935 1376 3016 Veluti-qno

276 3037 308 3085 et
317 3045 368 3087 ros
382 3025 560 3106 intelligetis,
568 3047 628 3109 que
639 3029 734 3109 gratis
747 3029 813 3089 heec
826 3049 883 3110 ego
895 3027 1154 3110 dixerim-Pytho
1162 3027 1222 3102 ille,
1229 3048 1301 3090 oum
1314 3027 1375 3108 priss

276 3135 355 3190 mum
365 3117 464 3179 occiso
475 3119 581 3200 Cotye,
595 3141 653 3182 oon
663 3121 766 3200 quovis
775 3121 855 3182 obire
868 3122 923 3182 sibi
936 3131 1033 3184 tutum
1049 3139 1115 3181 esse
1125 3131 1252 3200 putaret,
1263 3119 1307 3180 ed
1319 3136 1375 3182 uos

275 3211 434 3292 proiectus,
442 3213 493 3292 jue
505 3214 628 3274 civitatis
640 3215 732 3294 petiit,
746 3226 776 3276 et
786 3233 838 3274 ros
847 3213 953 3302 primos
966 3201 1094 3276 omnium
1107 3213 1192 3275 lecit:
1213 3223 1372 3292 postqum

195 3311 198 3318 '
275 3323 345 3376 vero
358 3315 469 3379 censet,
480 3304 608 3386 Philippi
621 3325 693 3387 opes
704 3306 830 3385 msgis‘e
840 3326 871 3367 re
881 3323 935 3365 sue
947 3325 1022 3379 esse,
1033 3305 1116 3366 nulls
1129 3315 1260 3368 restrum
1272 3304 1375 3366 habits

275 3397 469 3474 petione,oum
477 3396 527 3458 illo
537 3399 614 3459 lacit.
625 3399 779 3460 Nouenim
788 3408 843 3471 est,
852 3406 970 3470 nonest,
979 3396 1275 3476 Atheniensee,npud
1286 3397 1372 3468 istos,

276 3504 398 3564 quorum
415 3489 513 3548 omnia
529 3490 636 3560 studia,
651 3490 845 3569 cogitationes
858 3509 960 3550 omues
977 3489 1017 3549 ed
1029 3488 1179 3551 sveritinm
1195 3487 1373 3562 referuntur,

151 3623 156 3636 ,
275 3578 430 3656 quicquam
449 3580 495 3640 vel
516 3581 601 3656 iimri,
613 3583 660 3642 rel
675 3582 791 3642 sancti:
812 3581 866 3642 sed
887 3591 1012 3661 oportet,
1024 3592 1065 3654 ,ut
1082 3580 1213 3660 quisquis
1230 3581 1373 3644 cordum

276 3678 333 3744 est,
347 3669 435 3730 talem
445 3671 592 3732 homiuem
605 3675 742 3748 cautione
755 3671 887 3752 diligenti
899 3685 1026 3754 superet,
1039 3692 1099 3732 non
1117 3682 1242 3752 accepto
1254 3671 1373 3734 densum

276 3760 393 3833 damno,
411 3760 545 3841 detisque
558 3764 737 3828 credulitatis
753 3766 859 3846 pronis,
876 3776 1082 3845 conqueretur.
1103 3762 1192 3832 Quod
1210 3764 1238 3827 si
1249 3763 1373 3837 ,demum

275 3853 479 3924 Athenienses,
492 3854 525 3914 id
536 3856 617 3934 quod
630 3857 748 3917 minime
765 3877 862 3917 verum
884 3867 939 3929 est,
953 3858 1049 3936 ipsum
1063 3855 1284 3928 Charidemum,
1305 3855 1374 3916 fun·

274 3957 354 4006 ctum
368 3965 438 4025 erge
452 3966 503 4006 vos
519 3967 585 4008 esse
598 3949 705 4021 officio,
720 3959 752 4008 et
762 3949 856 4028 iungi,
869 3959 900 4009 et
911 3947 1058 4012 facturum
1077 3948 1154 4010 idem
1172 3949 1201 4008 in
1210 3958 1374 4028 posterum,

274 4055 369 4116 neque
385 4035 442 4098 elio
463 4040 560 4100 animo
574 4059 703 4119 unquam
721 4040 860 4110 futurum,
879 4039 972 4100 nihilo
990 4040 1086 4120 magis
1104 4033 1236 4102 decuerit
1251 4041 1279 4104 ei
1294 4041 1379 4104 ntis

275 4128 403 4188 decerni.
432 4129 509 4190 Num
523 4131 668 4211 iiquidem
681 4131 877 4213 prerogativa
888 4132 953 4193 hoec
966 4135 1003 4193 ob
1017 4133 1097 4193 eliud
1107 4131 1269 4214 quippiam,
1283 4151 1372 4210 quem

274 4217 313 4288 ed
326 4219 532 4284 stabiliendum
547 4225 748 4305 Cersobleptae
760 4243 884 4304 regnum
896 4225 1082 4298 tribueretur,
1089 4225 1218 4306 requiete
1231 4225 1263 4286 id
1275 4223 1372 4288 auimo

253 4377 257 4382 Α
274 4308 341 4379 ferri
354 4325 474 4389 posset:
496 4335 576 4378 nunc
594 4335 689 4396 mores
701 4316 776 4397 ejus,
794 4315 825 4376 in
836 4317 921 4397 cujus
935 4335 1022 4378 usum
1041 4315 1152 4397 premii
1165 4315 1372 4378 commoditate

274 4399 417 4481 ebrietur,
431 4425 489 4484 qno
503 4409 597 4487 msgis
607 4410 760 4491 magisque
771 4409 881 4490 cogito,
890 4409 1033 4472 eominus
1046 4409 1162 4472 invenio
1172 4407 1371 4486 mesquinus
