2934 5000
196 358 204 366 .
256 307 316 374 228
488 309 546 374 1>ss
567 313 682 374 Meu
701 311 840 374 orsu
861 307 1112 375 uqurlolttt

259 484 349 545 quum
361 463 391 526 id
406 463 548 522 munium
562 463 659 537 tuerit,
671 481 822 544 quemque
833 455 969 544 Phiiippo
981 463 1127 535 diffidens,
1142 473 1273 524 secutum
1285 471 1358 543 pou

257 567 374 637 repento
394 555 484 618 fidem
505 567 537 616 et
552 556 708 616 nmicitium
720 554 921 616 consideretis.
951 555 1080 627 Deinde,
1099 553 1124 614 si
1144 567 1357 616 eresemntee
1455 571 1456 578 ³

256 669 325 728 quoe
337 649 391 708 iste
403 648 486 707 robis
499 649 689 719 renunciavit,
702 657 733 706 et
745 659 812 708 sets
828 648 970 726 preclare
984 648 1111 717 inerunt,
1124 657 1159 707 nt
1171 659 1289 725 propter
1299 667 1353 706 ve-

193 805 200 814 ,
220 772 225 780 =
254 741 370 802 ritatem
390 749 422 799 et
437 739 605 818 reipublice
625 740 861 800 utilitetem·esse
881 740 962 798 fecte
983 739 1171 798 existimetis:
1193 739 1239 798 sin
1253 739 1353 806 cumin

254 843 358 892 contre
370 849 459 912 quum
471 831 528 891 iste
541 832 624 904 dixit,
636 842 704 900 nutu
720 842 800 906 sunt,
819 842 851 892 et
868 831 991 892 multum
1015 830 1168 890 dedecoris
1191 841 1222 890 et
1242 849 1352 908 magne

253 923 421 1002 reipublice
434 923 564 1003 pericula
573 925 743 998 attulerunt,
757 933 874 1003 propter
890 916 991 984 soides
1004 921 1088 982 istius
1104 932 1135 982 et
1147 921 1299 982 veritatem
1312 922 1351 982 ub

254 1033 292 1074 eo
301 1015 427 1094 pecunie
439 1015 598 1089 venditum,
613 1026 646 1075 ut
657 1025 801 1076 mutatum
816 1033 885 1076 eum
895 1035 962 1076 esse
974 1013 1109 1074 videntis.

203 1179 212 1189 κ
297 1108 346 1167 ll.
368 1107 476 1166 Dicem
489 1117 598 1181 utitem,
610 1107 730 1186 qusudo
742 1107 800 1168 huc
817 1117 955 1187 provecte
967 1116 1014 1166 est
1029 1103 1131 1178 oratio,
1144 1107 1269 1184 primunr
1285 1123 1351 1166 om-

254 1198 345 1273 nium,
357 1217 418 1278 quo
431 1207 517 1278 pecto
527 1200 609 1260 vobis
620 1200 773 1284 Phocense
782 1199 932 1279 negot'um
941 1197 1104 1277 eripuerint.
1132 1195 1179 1256 Ne
1188 1216 1257 1256 vero
1270 1197 1352 1274 qnis-

217 1343 227 1350 .
254 1308 342 1368 quum
354 1303 492 1362 vestrum,
508 1289 636 1371 judices,
650 1290 880 1370 magnitudinem
895 1307 991 1349 rerum
1005 1291 1132 1358 intuens,
1148 1287 1349 1348 sccusutiones

252 1390 284 1440 et
298 1378 420 1440 crimine
432 1382 544 1461 mejoru
557 1401 625 1442 esse
636 1392 730 1461 putet,
740 1401 828 1461 quem
838 1401 891 1461 pro
903 1381 988 1442 istius
999 1379 1192 1447 auctoritate3
1214 1379 1268 1438 sed
1277 1377 1351 1438 iilud

253 1483 396 1552 specme,
410 1474 435 1531 si
444 1492 648 1553 quemcunque
661 1494 714 1534 ros
728 1475 771 1532 ilii
782 1475 894 1534 muneri
904 1474 1116 1552 profecissetis,
1129 1482 1160 1532 et
1174 1471 1289 1532 oblutus
1301 1489 1352 1530 oc·

253 1563 389 1623 essiones
402 1564 465 1642 ejus
473 1565 544 1623 fidei
554 1565 762 1636 mandassetis,
776 1564 859 1623 iilum
874 1566 971 1636 etiem,
985 1565 1008 1621 si
1022 1564 1105 1621 istius
1121 1561 1256 1640 exemplo
1269 1561 1352 1622 voiu-

252 1653 337 1725 isset,
343 1673 433 1734 opere
442 1673 497 1714 sue
504 1655 603 1714 iocete
613 1656 758 1728 hostibus,
767 1673 819 1714 vos
827 1653 973 1732 decipere,
983 1647 1123 1712 etfreude
1134 1652 1351 1730 qircumreuire,

251 1742 356 1802 eedem
371 1763 439 1822 qurs
452 1755 482 1804 et
496 1747 583 1804 istum
598 1747 725 1803 excitare
739 1746 818 1806 mele
830 1745 967 1826 potuisse
994 1743 1061 1802 Non
1075 1743 1163 1816 euim,
1178 1745 1202 1804 si
1215 1761 1268 1802 vos
1279 1743 1352 1804 ievi-

252 1833 309 1893 bus
320 1853 400 1912 srepe
412 1834 580 1894 hominibus
592 1835 711 1913 publicu
721 1836 868 1896 mandetis
882 1835 1009 1914 negotia,
1023 1853 1070 1894 res
1080 1835 1164 1894 etiem
1175 1833 1255 1892 leves
1268 1845 1351 1908 sunt,

253 1941 321 2000 quus
333 1923 436 1983 honori
449 1923 573 1985 ovium
586 1935 696 1985 nostroe
709 1927 747 1985 sb
762 1925 825 1986 eliis
838 1924 1017 1988 deteruntur.
1032 1926 1136 2004 Neque
1145 1925 1241 1984 multis
1251 1926 1354 1988 verbis

253 2025 302 2076 est
316 2034 402 2095 opus.
426 2017 530 2097 ltaque
544 2016 713 2078 Phocenses
726 2018 813 2078 etiem
828 2017 980 2098 Philippus
995 2037 1065 2078 sene
1086 2015 1221 2096 perdidit,
1234 2015 1289 2075 sed
1302 2017 1352 2076 isti

251 2105 279 2166 ei
292 2106 440 2186 adjutores
450 2109 578 2169 suerunt.
616 2109 683 2170 Hoc
699 2112 788 2190 igitur
805 2109 1050 2171 considerandum
1071 2120 1103 2171 et
1118 2109 1277 2168 ridendum
1292 2119 1349 2180 est,

252 2206 362 2271 utrum,
373 2209 519 2277 quatenus
532 2199 728 2262 Phocensium
744 2201 823 2264 sultis
845 2221 864 2262 e
887 2201 1033 2280 legatione
1057 2201 1214 2280 pendebat,
1228 2213 1350 2260 eotenus

250 2288 301 2348 isti
322 2293 515 2372 corruperint,
537 2303 569 2353 et
586 2295 766 2374 perdiderint
787 2295 903 2361 omnint
924 2313 983 2353 non
997 2294 1082 2371 quusi
1100 2295 1155 2353 iste
1174 2313 1271 2372 perse
1284 2312 1349 2372 per·

252 2379 323 2441 dere
338 2382 509 2444 Phocenses
522 2386 676 2463 potuisset.
704 2388 773 2453 Quo
786 2386 858 2464 quid
871 2383 1045 2444 absurdiusi
1059 2384 1112 2444 scd
1126 2385 1166 2444 de
1178 2385 1250 2443 mihi
1263 2403 1347 2444 sens·

252 2477 479 2548 tuscousultum,
492 2477 576 2555 quod
587 2479 634 2536 me‘
646 2478 789 2537 referente
817 2477 926 2535 sectum
944 2487 1001 2550 est,
1019 2485 1049 2537 et
1068 2477 1265 2537 testimonium
1287 2475 1349 2555 eju

253 2564 305 2644 qui
315 2576 379 2625 tum
393 2567 422 2625 id
432 2566 512 2638 fecit,
524 2577 559 2624 ut
572 2566 683 2639 scietis,
695 2576 727 2626 et
745 2586 791 2627 rue
813 2586 873 2628 non
897 2576 960 2627 tum
978 2568 1116 2639 tacuisse,
1131 2588 1211 2629 nunc
1224 2571 1262 2629 eb
1276 2570 1349 2631 sctis

253 2678 301 2721 me
310 2679 468 2732 removere,
476 2659 531 2720 sed
539 2662 639 2720 stetim
647 2680 814 2735 accusasse,
824 2672 854 2723 et
867 2662 1036 2743 previdisse
1046 2665 1154 2737 future,
1163 2675 1194 2724 et
1204 2677 1349 2739 sonetum,

253 2750 354 2827 quiex
374 2768 422 2810 me
435 2750 535 2810 audire
548 2768 648 2809 verum
662 2752 825 2830 prohibitus
839 2754 977 2826 nonfuit,
993 2774 1088 2834 ¹neque
1105 2748 1243 2818 luudsise
1264 2758 1349 2831 istos,

252 2858 349 2917 neque
363 2841 393 2897 iu
407 2842 516 2900 curium
530 2842 678 2903 vocandos
689 2844 853 2903 censuisse.
868 2846 958 2924 Atqui
970 2847 1000 2907 id
1013 2848 1050 2906 sb
1065 2849 1137 2907 urbe
1150 2848 1270 2909 condite
1282 2850 1349 2911 uitis

253 2932 397 2990 eccidisse
410 2930 526 3010 legetis,
540 2952 627 2993 nemo
641 2935 785 2994 meminitr
806 2955 842 2995 ne
856 2936 1021 3017 Timugorm
1044 2938 1172 3018 quidem,
1191 2958 1279 3019 quem
1297 2962 1348 3002 ce·

250 3020 321 3101 pitis
334 3021 483 3081 domuerit
504 3022 638 3103 populus.
681 3028 725 3084 At
746 3025 811 3087 istis
832 3026 896 3088 hec
917 3030 1097 3093 aeciderunt.
1137 3032 1246 3093 Recito
1256 3034 1350 3115 prims

252 3111 459 3188 testimonium,
470 3113 576 3175 deinde
586 3118 884 3181 senatusconsultum.

352 3369 359 3384 ι
411 3332 718 3403 TESTIMONIUM.
741 3340 1206 3410 SENATUSCONSULTUM.

255 3488 313 3549 Hic
325 3510 421 3569 neque
433 3494 509 3567 leus,
518 3509 614 3575 neque
627 3495 761 3559 invitatio
774 3500 938 3578 legatorum
951 3500 981 3559 in
995 3502 1105 3563 curium
1119 3522 1137 3563 s
1150 3512 1267 3580 senatu,
1280 3500 1352 3565 con-

253 3582 374 3642 tinetur.
419 3584 471 3645 Sin
484 3588 538 3648 iste
553 3591 695 3651 contineri
706 3594 755 3663 eit,
771 3592 909 3653 ostendat
922 3604 1011 3673 utque
1025 3594 1170 3668 exhibent,
1184 3606 1215 3657 et
1228 3615 1285 3677 ego
1298 3596 1353 3658 de-

253 3673 402 3733 scendam.
442 3676 503 3735 Sed
516 3697 576 3739 non
589 3683 765 3743 continetur.

297 3766 345 3823 12.
367 3764 457 3831 Quod
468 3768 493 3826 si
506 3786 606 3830 omnes
621 3772 724 3833 eedem
738 3775 768 3833 in
786 3774 932 3852 legatione
945 3776 1118 3853 egissemus,
1127 3780 1193 3859 jure
1205 3781 1353 3840 neminem

251 3856 404 3917 laudasset
413 3868 535 3917 senatus
548 3864 660 3933 (revere
673 3864 750 3923 enim
759 3866 1054 3945 simperanduessent
1066 3880 1133 3930 ncta
1145 3872 1286 3941 omniurn)
1302 3874 1350 3933 sin

253 3947 302 4008 ulii
321 3950 401 4007 bonu
423 3947 482 4009 fide
495 3968 556 4009 rem
570 3965 734 4029 gesserunt,
749 3956 795 4015 elii
807 3967 918 4028 couno,
933 3958 1003 4018 sutis
1018 3973 1148 4039 apparet,
1161 3974 1281 4042 propter
1294 3965 1350 4023 im-

251 4040 406 4117 proborum
421 4042 543 4116 sceiere,
559 4043 645 4103 etiem
659 4046 754 4127 bonos
766 4047 842 4107 viros
856 4050 979 4109 eandem
1003 4051 1190 4130 ignominiam
1212 4056 1351 4117 subiisse.

253 4130 322 4194 Quo
333 4141 421 4209 pecto
434 4132 522 4212 igitur
540 4134 627 4195 focile
648 4138 832 4215 cognoscetis
851 4158 962 4211 omnes,
980 4143 1114 4220 quisnam
1138 4146 1285 4225 improbus
1298 4147 1351 4207 ilie

253 4220 314 4279 sitt
333 4222 368 4313 in
380 4226 548 4291 memorium
561 4228 618 4307 ipsi
630 4240 765 4291 reuocate
779 4231 870 4303 vobis,
886 4234 1020 4311 quisnam
1032 4236 1081 4297 itte
1095 4238 1142 4309 sit,
1152 4238 1202 4317 qui
1216 4238 1253 4298 nb
1266 4237 1351 4299 initio

254 4321 322 4371 ecte
334 4319 486 4378 accusarit.
522 4319 711 4400 Perspicuum
724 4324 802 4383 enim
812 4333 868 4396 est,
883 4326 959 4385 sonti
971 4329 1042 4387 sutis
1056 4328 1147 4390 fuisse
1159 4330 1289 4391 futurum
1302 4342 1351 4391 te·

253 4418 330 4476 cere,
343 4415 372 4465 et
385 4407 466 4471 eluso
486 4432 523 4472 eu
543 4422 685 4494 tempore,
699 4414 812 4478 nullem
825 4426 955 4479 sotorum
976 4419 1099 4485 reddere
1111 4422 1275 4485 rationem:
1296 4424 1350 4503 qui
