<?xml version="1.0" encoding="UTF-8"?>
<!DOCTYPE html PUBLIC "-//W3C//DTD XHTML 1.0 Transitional//EN"
    "http://www.w3.org/TR/xhtml1/DTD/xhtml1-transitional.dtd">
<html xmlns="http://www.w3.org/1999/xhtml" xml:lang="en" lang="en">
 <head>
  <title>
</title>
<meta http-equiv="Content-Type" content="text/html;charset=utf-8" />
  <meta name='ocr-system' content='tesseract 3.04.00' />
  <meta name='ocr-capabilities' content='ocr_page ocr_carea ocr_par ocr_line ocrx_word'/>
</head>
<body>
  <div class='ocr_page' id='page_1' title='image "./demosthenisetsc09ulpigoog/demosthenisetsc09ulpigoog_0099.png"; bbox 0 0 2934 5000; ppageno 0'>
   <div class='ocr_carea' id='block_1_1' title="bbox 560 243 1261 313">
    <p class='ocr_par' dir='ltr' id='par_1_1' title="bbox 560 243 1261 313">
     <span class='ocr_line' id='line_1_1' title="bbox 560 243 1261 313; baseline 0.01 -7"><span class='ocrx_word' id='word_1_1' title='bbox 560 243 797 308; x_wconf 76' lang='lat' dir='ltr'><strong>PHILIPPICA</strong></span> <span class='ocrx_word' id='word_1_2' title='bbox 824 248 865 307; x_wconf 92' lang='lat' dir='ltr'><strong>Il.</strong></span> <span class='ocrx_word' id='word_1_3' title='bbox 1221 255 1261 313; x_wconf 73' lang='grc'><strong>59</strong></span> 
     </span>
    </p>
   </div>
   <div class='ocr_carea' id='block_1_2' title="bbox 73 401 1348 1506">
    <p class='ocr_par' dir='ltr' id='par_1_2' title="bbox 73 401 1348 1506">
     <span class='ocr_line' id='line_1_2' title="bbox 158 401 1348 492; baseline 0.012 -30"><span class='ocrx_word' id='word_1_4' title='bbox 158 401 370 466; x_wconf 65' lang='lat' dir='ltr'><strong>minuerem</strong></span> <span class='ocrx_word' id='word_1_5' title='bbox 385 403 465 468; x_wconf 84' lang='lat' dir='ltr'><strong>oblre</strong></span> <span class='ocrx_word' id='word_1_6' title='bbox 486 405 672 488; x_wconf 75' lang='lat' dir='ltr'><strong>legationem,</strong></span> <span class='ocrx_word' id='word_1_7' title='bbox 699 430 796 491; x_wconf 83' lang='lat' dir='ltr'><strong>usque</strong></span> <span class='ocrx_word' id='word_1_8' title='bbox 820 429 875 484; x_wconf 84' lang='lat' dir='ltr'><strong>vos</strong></span> <span class='ocrx_word' id='word_1_9' title='bbox 902 411 964 472; x_wconf 86' lang='lat' dir='ltr'><strong>scio</strong></span> <span class='ocrx_word' id='word_1_10' title='bbox 985 411 1159 492; x_wconf 79' lang='lat' dir='ltr'><strong>belligerare</strong></span> <span class='ocrx_word' id='word_1_11' title='bbox 1180 412 1258 475; x_wconf 83' lang='lat' dir='ltr'><strong>‹lesi-</strong></span> <span class='ocrx_word' id='word_1_12' title='bbox 1337 425 1348 450; x_wconf 66' lang='lat'>⁸</span> 
     </span>
     <span class='ocr_line' id='line_1_3' title="bbox 73 492 1257 584; baseline 0.012 -31"><span class='ocrx_word' id='word_1_13' title='bbox 73 563 76 573; x_wconf 35' lang='grc' dir='ltr'>Ι</span> <span class='ocrx_word' id='word_1_14' title='bbox 157 492 268 569; x_wconf 77' lang='lat' dir='ltr'><strong>isseIIs,</strong></span> <span class='ocrx_word' id='word_1_15' title='bbox 287 496 313 556; x_wconf 93' lang='lat' dir='ltr'><strong>si</strong></span> <span class='ocrx_word' id='word_1_16' title='bbox 335 499 378 558; x_wconf 82' lang='lat' dir='ltr'><strong>its</strong></span> <span class='ocrx_word' id='word_1_17' title='bbox 398 509 531 560; x_wconf 84' lang='lat' dir='ltr'><strong>actrrrum</strong></span> <span class='ocrx_word' id='word_1_18' title='bbox 555 499 724 582; x_wconf 80' lang='lat' dir='ltr'><strong>Philippum</strong></span> <span class='ocrx_word' id='word_1_19' title='bbox 746 504 990 584; x_wconf 81' lang='lat' dir='ltr'><strong>paoeImpetrata</strong></span> <span class='ocrx_word' id='word_1_20' title='bbox 1001 507 1181 582; x_wconf 85' lang='lat' dir='ltr'><strong>putassetis;</strong></span> <span class='ocrx_word' id='word_1_21' title='bbox 1202 507 1257 567; x_wconf 80' lang='lat' dir='ltr'><strong>sed</strong></span> 
     </span>
     <span class='ocr_line' id='line_1_4' title="bbox 157 587 1255 675; baseline 0.011 -29"><span class='ocrx_word' id='word_1_22' title='bbox 157 587 196 647; x_wconf 76' lang='lat' dir='ltr'><strong>ab</strong></span> <span class='ocrx_word' id='word_1_23' title='bbox 215 587 262 649; x_wconf 75' lang='lat' dir='ltr'><strong>hle</strong></span> <span class='ocrx_word' id='word_1_24' title='bbox 281 591 369 651; x_wconf 89' lang='lat' dir='ltr'><strong>rebus</strong></span> <span class='ocrx_word' id='word_1_25' title='bbox 383 590 472 672; x_wconf 79' lang='lat' dir='ltr'><strong>longe</strong></span> <span class='ocrx_word' id='word_1_26' title='bbox 494 593 700 667; x_wconf 75' lang='lat' dir='ltr'>abhorrebant,</span> <span class='ocrx_word' id='word_1_27' title='bbox 719 615 787 675; x_wconf 70' lang='lat' dir='ltr'><strong>quea</strong></span> <span class='ocrx_word' id='word_1_28' title='bbox 806 605 868 655; x_wconf 80' lang='lat' dir='ltr'><strong>mm</strong></span> <span class='ocrx_word' id='word_1_29' title='bbox 887 595 1068 655; x_wconf 79' lang='lat' dir='ltr'><strong>dicebantur.</strong></span> <span class='ocrx_word' id='word_1_30' title='bbox 1105 597 1145 657; x_wconf 85' lang='lat' dir='ltr'><strong>Et</strong></span> <span class='ocrx_word' id='word_1_31' title='bbox 1156 617 1255 658; x_wconf 86' lang='lat' dir='ltr'><strong>rursus</strong></span> 
     </span>
     <span class='ocr_line' id='line_1_5' title="bbox 158 676 1257 768; baseline 0.009 -29"><span class='ocrx_word' id='word_1_32' title='bbox 158 676 232 740; x_wconf 83' lang='lat' dir='ltr'><strong>elios</strong></span> <span class='ocrx_word' id='word_1_33' title='bbox 245 679 328 742; x_wconf 86' lang='lat' dir='ltr'><strong>citari</strong></span> <span class='ocrx_word' id='word_1_34' title='bbox 347 691 389 741; x_wconf 82' lang='lat' dir='ltr'><strong>est</strong></span> <span class='ocrx_word' id='word_1_35' title='bbox 402 701 513 762; x_wconf 72' lang='lat' dir='ltr'><strong>equum.</strong></span> <span class='ocrx_word' id='word_1_36' title='bbox 545 683 649 752; x_wconf 73' lang='lat' dir='ltr'><strong>Quos?</strong></span> <span class='ocrx_word' id='word_1_37' title='bbox 669 705 721 747; x_wconf 89' lang='lat' dir='ltr'><strong>eos</strong></span> <span class='ocrx_word' id='word_1_38' title='bbox 743 687 804 766; x_wconf 93' lang='lat' dir='ltr'><strong>qui,</strong></span> <span class='ocrx_word' id='word_1_39' title='bbox 817 703 885 746; x_wconf 89' lang='lat' dir='ltr'><strong>cum</strong></span> <span class='ocrx_word' id='word_1_40' title='bbox 898 687 1077 766; x_wconf 79' lang='lat' dir='ltr'><strong>egoiecta&#39;</strong></span> <span class='ocrx_word' id='word_1_41' title='bbox 1065 705 1128 768; x_wconf 69' lang='lat' dir='ltr'><strong>jam</strong></span> <span class='ocrx_word' id='word_1_42' title='bbox 1150 707 1257 767; x_wconf 82' lang='lat' dir='ltr'><strong>puceu</strong></span> 
     </span>
     <span class='ocr_line' id='line_1_6' title="bbox 155 764 1255 868; baseline 0.009 -38"><span class='ocrx_word' id='word_1_43' title='bbox 155 764 319 868; x_wconf 81' lang='lat' dir='ltr'><strong>posteriore</strong></span> <span class='ocrx_word' id='word_1_44' title='bbox 332 773 555 854; x_wconf 72' lang='lat' dir='ltr'><strong>legationeque</strong></span> <span class='ocrx_word' id='word_1_45' title='bbox 565 773 605 836; x_wconf 82' lang='lat' dir='ltr'><strong>ad</strong></span> <span class='ocrx_word' id='word_1_46' title='bbox 617 775 795 858; x_wconf 82' lang='lat' dir='ltr'><strong>exigendum</strong></span> <span class='ocrx_word' id='word_1_47' title='bbox 810 778 1015 858; x_wconf 84' lang='lat' dir='ltr'><strong>jusjurandum</strong></span> <span class='ocrx_word' id='word_1_48' title='bbox 1029 779 1122 839; x_wconf 81' lang='lat' dir='ltr'><strong>missa</strong></span> <span class='ocrx_word' id='word_1_49' title='bbox 1134 791 1197 840; x_wconf 86' lang='lat' dir='ltr'><strong>erat</strong></span> <span class='ocrx_word' id='word_1_50' title='bbox 1209 799 1255 840; x_wconf 87' lang='lat' dir='ltr'><strong>re-</strong></span> 
     </span>
     <span class='ocr_line' id='line_1_7' title="bbox 151 863 1337 950; baseline 0.01 -29.051"><span class='ocrx_word' id='word_1_51' title='bbox 151 863 271 938; x_wconf 82' lang='lat' dir='ltr'><strong>versus,</strong></span> <span class='ocrx_word' id='word_1_52' title='bbox 284 864 386 926; x_wconf 83' lang='lat' dir='ltr'><strong>lucum</strong></span> <span class='ocrx_word' id='word_1_53' title='bbox 409 867 577 947; x_wconf 68' lang='lat' dir='ltr'><strong>reipublice</strong></span> <span class='ocrx_word' id='word_1_54' title='bbox 597 869 660 929; x_wconf 84' lang='lat' dir='ltr'><strong>lieri</strong></span> <span class='ocrx_word' id='word_1_55' title='bbox 682 870 821 945; x_wconf 87' lang='lat' dir='ltr'><strong>sentiens,</strong></span> <span class='ocrx_word' id='word_1_56' title='bbox 840 871 907 930; x_wconf 85' lang='lat' dir='ltr'><strong>hoec</strong></span> <span class='ocrx_word' id='word_1_57' title='bbox 923 871 1117 950; x_wconf 72' lang='lat' dir='ltr'><strong>pmdioebnm</strong></span> <span class='ocrx_word' id='word_1_58' title='bbox 1137 881 1169 931; x_wconf 89' lang='lat' dir='ltr'><strong>et</strong></span> <span class='ocrx_word' id='word_1_59' title='bbox 1184 891 1257 933; x_wconf 87' lang='lat' dir='ltr'><strong>cou-</strong></span> <span class='ocrx_word' id='word_1_60' title='bbox 1327 907 1337 924; x_wconf 60' lang='grc' dir='ltr'>ι</span> 
     </span>
     <span class='ocr_line' id='line_1_8' title="bbox 156 957 1257 1044; baseline 0.01 -29"><span class='ocrx_word' id='word_1_61' title='bbox 156 957 290 1018; x_wconf 81' lang='lat' dir='ltr'><strong>testabar</strong></span> <span class='ocrx_word' id='word_1_62' title='bbox 312 968 343 1019; x_wconf 88' lang='lat' dir='ltr'><strong>et</strong></span> <span class='ocrx_word' id='word_1_63' title='bbox 366 979 427 1021; x_wconf 90' lang='lat' dir='ltr'><strong>non</strong></span> <span class='ocrx_word' id='word_1_64' title='bbox 441 959 573 1021; x_wconf 76' lang='lat' dir='ltr'><strong>sinebam</strong></span> <span class='ocrx_word' id='word_1_65' title='bbox 585 961 672 1042; x_wconf 87' lang='lat' dir='ltr'><strong>prodi</strong></span> <span class='ocrx_word' id='word_1_66' title='bbox 691 961 783 1044; x_wconf 79' lang='lat' dir='ltr'><strong>Pylas</strong></span> <span class='ocrx_word' id='word_1_67' title='bbox 803 983 900 1043; x_wconf 89' lang='lat' dir='ltr'><strong>neque</strong></span> <span class='ocrx_word' id='word_1_68' title='bbox 915 964 1095 1038; x_wconf 87' lang='lat' dir='ltr'><strong>Phocenses,</strong></span> <span class='ocrx_word' id='word_1_69' title='bbox 1117 965 1257 1027; x_wconf 86' lang='lat' dir='ltr'><strong>dicebaut</strong></span> 
     </span>
     <span class='ocr_line' id='line_1_9' title="bbox 155 1050 1256 1135; baseline 0.01 -26"><span class='ocrx_word' id='word_1_70' title='bbox 155 1067 207 1110; x_wconf 88' lang='lat' dir='ltr'><strong>me</strong></span> <span class='ocrx_word' id='word_1_71' title='bbox 228 1050 281 1129; x_wconf 90' lang='lat' dir='ltr'><strong>qui</strong></span> <span class='ocrx_word' id='word_1_72' title='bbox 304 1069 411 1131; x_wconf 82' lang='lat' dir='ltr'><strong>aquom</strong></span> <span class='ocrx_word' id='word_1_73' title='bbox 429 1062 561 1133; x_wconf 87' lang='lat' dir='ltr'><strong>potarem</strong></span> <span class='ocrx_word' id='word_1_74' title='bbox 588 1074 648 1116; x_wconf 88' lang='lat' dir='ltr'><strong>non</strong></span> <span class='ocrx_word' id='word_1_75' title='bbox 669 1053 776 1134; x_wconf 82' lang='lat' dir='ltr'><strong>injuria</strong></span> <span class='ocrx_word' id='word_1_76' title='bbox 793 1055 943 1117; x_wconf 85' lang='lat' dir='ltr'><strong>difficilem</strong></span> <span class='ocrx_word' id='word_1_77' title='bbox 961 1067 993 1135; x_wconf 89' lang='lat' dir='ltr'><strong>et</strong></span> <span class='ocrx_word' id='word_1_78' title='bbox 1001 1076 1161 1117; x_wconf 85' lang='lat' dir='ltr'><strong>morosum</strong></span> <span class='ocrx_word' id='word_1_79' title='bbox 1188 1077 1256 1120; x_wconf 86' lang='lat' dir='ltr'><strong>esse</strong></span> 
     </span>
     <span class='ocr_line' id='line_1_10' title="bbox 154 1139 1254 1231; baseline 0.011 -31"><span class='ocrx_word' id='word_1_80' title='bbox 154 1139 314 1225; x_wconf 59' lang='lat' dir='ltr'><strong>hominem„</strong></span> <span class='ocrx_word' id='word_1_81' title='bbox 336 1145 504 1226; x_wconf 77' lang='lat' dir='ltr'><strong>Philippum</strong></span> <span class='ocrx_word' id='word_1_82' title='bbox 525 1155 635 1219; x_wconf 83' lang='lat' dir='ltr'><strong>eutem,</strong></span> <span class='ocrx_word' id='word_1_83' title='bbox 647 1165 714 1226; x_wconf 76' lang='lat' dir='ltr'><strong>qum</strong></span> <span class='ocrx_word' id='word_1_84' title='bbox 735 1149 874 1228; x_wconf 71' lang='lat' dir='ltr'><strong>optaretis</strong></span> <span class='ocrx_word' id='word_1_85' title='bbox 888 1167 952 1222; x_wconf 86' lang='grc' dir='ltr'>ιοι,</span> <span class='ocrx_word' id='word_1_86' title='bbox 967 1148 993 1208; x_wconf 87' lang='lat' dir='ltr'><strong>si</strong></span> <span class='ocrx_word' id='word_1_87' title='bbox 1007 1150 1082 1208; x_wconf 76' lang='lat' dir='ltr'><strong>istro</strong></span> <span class='ocrx_word' id='word_1_88' title='bbox 1093 1150 1254 1231; x_wconf 71' lang='lat' dir='ltr'><strong>Pyloopro-</strong></span> 
     </span>
     <span class='ocr_line' id='line_1_11' title="bbox 84 1240 1255 1321; baseline 0.007 -26"><span class='ocrx_word' id='word_1_89' title='bbox 84 1297 92 1310; x_wconf 63' lang='grc'><strong>,</strong></span> <span class='ocrx_word' id='word_1_90' title='bbox 155 1255 276 1314; x_wconf 71' lang='lat' dir='ltr'><strong>gressum</strong></span> <span class='ocrx_word' id='word_1_91' title='bbox 288 1247 378 1312; x_wconf 82' lang='lat' dir='ltr'><strong>esset,</strong></span> <span class='ocrx_word' id='word_1_92' title='bbox 391 1240 547 1312; x_wconf 81' lang='lat' dir='ltr'><strong>iacturum,</strong></span> <span class='ocrx_word' id='word_1_93' title='bbox 557 1250 588 1301; x_wconf 87' lang='lat' dir='ltr'><strong>et</strong></span> <span class='ocrx_word' id='word_1_94' title='bbox 598 1240 741 1320; x_wconf 81' lang='lat' dir='ltr'><strong>lhespias</strong></span> <span class='ocrx_word' id='word_1_95' title='bbox 755 1242 873 1321; x_wconf 87' lang='lat' dir='ltr'><strong>quidem</strong></span> <span class='ocrx_word' id='word_1_96' title='bbox 887 1252 920 1301; x_wconf 89' lang='lat' dir='ltr'><strong>et</strong></span> <span class='ocrx_word' id='word_1_97' title='bbox 928 1242 1056 1303; x_wconf 73' lang='lat' dir='ltr'><strong>Plataeas</strong></span> <span class='ocrx_word' id='word_1_98' title='bbox 1068 1243 1255 1318; x_wconf 86' lang='lat' dir='ltr'><strong>muniturum,</strong></span> 
     </span>
     <span class='ocr_line' id='line_1_12' title="bbox 154 1327 1256 1412; baseline 0.007 -24"><span class='ocrx_word' id='word_1_99' title='bbox 154 1327 364 1390; x_wconf 84' lang='lat' dir='ltr'><strong>Thebanorum</strong></span> <span class='ocrx_word' id='word_1_100' title='bbox 378 1341 476 1392; x_wconf 83' lang='lat' dir='ltr'><strong>eutem</strong></span> <span class='ocrx_word' id='word_1_101' title='bbox 489 1331 627 1392; x_wconf 82' lang='lat' dir='ltr'><strong>ferociam</strong></span> <span class='ocrx_word' id='word_1_102' title='bbox 645 1352 856 1412; x_wconf 78' lang='lat' dir='ltr'><strong>repressorem,</strong></span> <span class='ocrx_word' id='word_1_103' title='bbox 870 1333 1088 1395; x_wconf 87' lang='lat' dir='ltr'><strong>Cherronesum</strong></span> <span class='ocrx_word' id='word_1_104' title='bbox 1102 1335 1163 1394; x_wconf 86' lang='lat' dir='ltr'><strong>suis</strong></span> <span class='ocrx_word' id='word_1_105' title='bbox 1175 1356 1256 1396; x_wconf 87' lang='lat' dir='ltr'><strong>sum·</strong></span> 
     </span>
     <span class='ocr_line' id='line_1_13' title="bbox 153 1420 1257 1506; baseline 0.007 -26"><span class='ocrx_word' id='word_1_106' title='bbox 153 1420 257 1500; x_wconf 85' lang='lat' dir='ltr'><strong>ptibus</strong></span> <span class='ocrx_word' id='word_1_107' title='bbox 270 1421 477 1500; x_wconf 76' lang='lat' dir='ltr'><strong>perfecturum,</strong></span> <span class='ocrx_word' id='word_1_108' title='bbox 491 1423 633 1483; x_wconf 86' lang='lat' dir='ltr'><strong>Euboeum</strong></span> <span class='ocrx_word' id='word_1_109' title='bbox 651 1434 681 1485; x_wconf 90' lang='lat' dir='ltr'><strong>et</strong></span> <span class='ocrx_word' id='word_1_110' title='bbox 698 1424 830 1505; x_wconf 88' lang='lat' dir='ltr'><strong>Oropum</strong></span> <span class='ocrx_word' id='word_1_111' title='bbox 843 1445 899 1504; x_wconf 82' lang='lat' dir='ltr'><strong>pro</strong></span> <span class='ocrx_word' id='word_1_112' title='bbox 914 1425 1081 1506; x_wconf 81' lang='lat' dir='ltr'><strong>Amphipoli</strong></span> <span class='ocrx_word' id='word_1_113' title='bbox 1094 1426 1177 1487; x_wconf 78' lang='lat' dir='ltr'><strong>vobis</strong></span> <span class='ocrx_word' id='word_1_114' title='bbox 1189 1427 1257 1489; x_wconf 81' lang='lat' dir='ltr'><strong>red-</strong></span> 
     </span>
    </p>
   </div>
   <div class='ocr_carea' id='block_1_3' title="bbox 154 1510 1358 1597">
    <p class='ocr_par' dir='ltr' id='par_1_3' title="bbox 154 1510 1358 1597">
     <span class='ocr_line' id='line_1_14' title="bbox 154 1510 1358 1597; baseline 0.007 -26"><span class='ocrx_word' id='word_1_115' title='bbox 154 1510 305 1573; x_wconf 87' lang='lat' dir='ltr'><strong>diturum:</strong></span> <span class='ocrx_word' id='word_1_116' title='bbox 328 1533 396 1574; x_wconf 88' lang='lat' dir='ltr'><strong>nam</strong></span> <span class='ocrx_word' id='word_1_117' title='bbox 410 1514 476 1576; x_wconf 75' lang='lat' dir='ltr'><strong>hee</strong></span> <span class='ocrx_word' id='word_1_118' title='bbox 490 1515 588 1576; x_wconf 83' lang='lat' dir='ltr'><strong>omnia</strong></span> <span class='ocrx_word' id='word_1_119' title='bbox 606 1515 654 1577; x_wconf 89' lang='lat' dir='ltr'><strong>hic</strong></span> <span class='ocrx_word' id='word_1_120' title='bbox 677 1535 729 1596; x_wconf 90' lang='lat' dir='ltr'><strong>pro</strong></span> <span class='ocrx_word' id='word_1_121' title='bbox 749 1526 892 1597; x_wconf 79' lang='lat' dir='ltr'><strong>suggesto</strong></span> <span class='ocrx_word' id='word_1_122' title='bbox 911 1517 976 1577; x_wconf 83' lang='lat' dir='ltr'><strong>scio</strong></span> <span class='ocrx_word' id='word_1_123' title='bbox 997 1516 1169 1576; x_wconf 86' lang='lat' dir='ltr'><strong>meministis</strong></span> <span class='ocrx_word' id='word_1_124' title='bbox 1191 1537 1258 1578; x_wconf 88' lang='lat' dir='ltr'><strong>esse</strong></span> <span class='ocrx_word' id='word_1_125' title='bbox 1352 1557 1358 1563; x_wconf 93' lang='lat'>-</span> 
     </span>
    </p>
   </div>
   <div class='ocr_carea' id='block_1_4' title="bbox 150 1601 1259 2705">
    <p class='ocr_par' dir='ltr' id='par_1_4' title="bbox 150 1601 1259 2705">
     <span class='ocr_line' id='line_1_15' title="bbox 152 1601 1258 1716; baseline 0.005 -53"><span class='ocrx_word' id='word_1_126' title='bbox 152 1601 247 1679; x_wconf 80' lang='lat' dir='ltr'><strong>dicta,</strong></span> <span class='ocrx_word' id='word_1_127' title='bbox 269 1625 438 1686; x_wconf 83' lang='lat' dir='ltr'><strong>quanquam</strong></span> <span class='ocrx_word' id='word_1_128' title='bbox 455 1627 563 1716; x_wconf 70' lang='lat' dir='ltr'><strong>pamm</strong></span> <span class='ocrx_word' id='word_1_129' title='bbox 575 1625 657 1669; x_wconf 81' lang='lat' dir='ltr'><strong>acres</strong></span> <span class='ocrx_word' id='word_1_130' title='bbox 671 1609 702 1669; x_wconf 91' lang='lat' dir='ltr'><strong>in</strong></span> <span class='ocrx_word' id='word_1_131' title='bbox 716 1608 982 1670; x_wconf 78' lang='lat' dir='ltr'><strong>animadvertendis</strong></span> <span class='ocrx_word' id='word_1_132' title='bbox 999 1610 1195 1689; x_wconf 87' lang='lat' dir='ltr'><strong>improborum</strong></span> <span class='ocrx_word' id='word_1_133' title='bbox 1212 1612 1258 1669; x_wconf 89' lang='lat' dir='ltr'><strong>iu·</strong></span> 
     </span>
     <span class='ocr_line' id='line_1_16' title="bbox 150 1693 1258 1782; baseline 0.006 -26"><span class='ocrx_word' id='word_1_134' title='bbox 150 1693 247 1776; x_wconf 82' lang='lat' dir='ltr'><strong>juriIs.</strong></span> <span class='ocrx_word' id='word_1_135' title='bbox 280 1695 323 1758; x_wconf 86' lang='lat' dir='ltr'><strong>Et</strong></span> <span class='ocrx_word' id='word_1_136' title='bbox 334 1699 414 1778; x_wconf 88' lang='lat' dir='ltr'><strong>quod</strong></span> <span class='ocrx_word' id='word_1_137' title='bbox 426 1708 474 1760; x_wconf 89' lang='lat' dir='ltr'><strong>est</strong></span> <span class='ocrx_word' id='word_1_138' title='bbox 485 1699 615 1761; x_wconf 87' lang='lat' dir='ltr'><strong>omnium</strong></span> <span class='ocrx_word' id='word_1_139' title='bbox 629 1702 840 1782; x_wconf 85' lang='lat' dir='ltr'><strong>turpissimum,</strong></span> <span class='ocrx_word' id='word_1_140' title='bbox 863 1710 896 1761; x_wconf 89' lang='lat' dir='ltr'><strong>ut</strong></span> <span class='ocrx_word' id='word_1_141' title='bbox 908 1701 996 1762; x_wconf 88' lang='lat' dir='ltr'><strong>etiam</strong></span> <span class='ocrx_word' id='word_1_142' title='bbox 1009 1711 1194 1781; x_wconf 76' lang='lat' dir='ltr'><strong>posterorum</strong></span> <span class='ocrx_word' id='word_1_143' title='bbox 1207 1723 1258 1764; x_wconf 84' lang='lat' dir='ltr'><strong>ve·</strong></span> 
     </span>
     <span class='ocr_line' id='line_1_17' title="bbox 155 1789 1256 1876; baseline 0.008 -28"><span class='ocrx_word' id='word_1_144' title='bbox 155 1797 280 1850; x_wconf 82' lang='lat' dir='ltr'><strong>atrorum</strong></span> <span class='ocrx_word' id='word_1_145' title='bbox 294 1809 356 1871; x_wconf 83' lang='lat' dir='ltr'><strong>sper</strong></span> <span class='ocrx_word' id='word_1_146' title='bbox 348 1789 493 1852; x_wconf 84' lang='lat' dir='ltr'><strong>eudem&#39;</strong></span> <span class='ocrx_word' id='word_1_147' title='bbox 485 1804 543 1854; x_wconf 77' lang='lat' dir='ltr'><strong>rste</strong></span> <span class='ocrx_word' id='word_1_148' title='bbox 553 1812 613 1873; x_wconf 84' lang='lat' dir='ltr'><strong>pax</strong></span> <span class='ocrx_word' id='word_1_149' title='bbox 627 1793 837 1855; x_wconf 77' lang='lat' dir='ltr'><strong>adherescot</strong></span> <span class='ocrx_word' id='word_1_150' title='bbox 810 1813 948 1876; x_wconf 76' lang='lat' dir='ltr'><strong>,insuper</strong></span> <span class='ocrx_word' id='word_1_151' title='bbox 958 1794 1149 1855; x_wconf 81' lang='lat' dir='ltr'><strong>decrevistis:</strong></span> <span class='ocrx_word' id='word_1_152' title='bbox 1140 1815 1256 1875; x_wconf 87' lang='lat' dir='ltr'><strong>usque</strong></span> 
     </span>
     <span class='ocr_line' id='line_1_18' title="bbox 155 1881 1256 1968; baseline 0.006 -26"><span class='ocrx_word' id='word_1_153' title='bbox 155 1881 251 1943; x_wconf 82' lang='lat' dir='ltr'><strong>adeo</strong></span> <span class='ocrx_word' id='word_1_154' title='bbox 243 1902 273 1942; x_wconf 88' lang='grc' dir='ltr'><strong>ιιι</strong></span> <span class='ocrx_word' id='word_1_155' title='bbox 286 1883 419 1947; x_wconf 78' lang='lat' dir='ltr'><strong>fraudem</strong></span> <span class='ocrx_word' id='word_1_156' title='bbox 430 1886 498 1948; x_wconf 87' lang='lat' dir='ltr'><strong>estis</strong></span> <span class='ocrx_word' id='word_1_157' title='bbox 511 1887 612 1947; x_wconf 89' lang='lat' dir='ltr'><strong>illecti.</strong></span> <span class='ocrx_word' id='word_1_158' title='bbox 634 1887 734 1956; x_wconf 84' lang='lat' dir='ltr'><strong>Quid</strong></span> <span class='ocrx_word' id='word_1_159' title='bbox 726 1889 815 1968; x_wconf 75' lang='lat' dir='ltr'><strong>igitur</strong></span> <span class='ocrx_word' id='word_1_160' title='bbox 826 1888 893 1949; x_wconf 76' lang='lat' dir='ltr'><strong>hmo</strong></span> <span class='ocrx_word' id='word_1_161' title='bbox 912 1907 992 1948; x_wconf 86' lang='lat' dir='ltr'><strong>nunc</strong></span> <span class='ocrx_word' id='word_1_162' title='bbox 1006 1887 1075 1948; x_wconf 89' lang='lat' dir='ltr'><strong>dico</strong></span> <span class='ocrx_word' id='word_1_163' title='bbox 1089 1899 1121 1949; x_wconf 91' lang='lat' dir='ltr'><strong>et</strong></span> <span class='ocrx_word' id='word_1_164' title='bbox 1132 1888 1241 1949; x_wconf 88' lang='lat' dir='ltr'><strong>illos</strong></span> <span class='ocrx_word' id='word_1_165' title='bbox 1212 1908 1256 1950; x_wconf 87' lang='lat' dir='ltr'><strong>cr-</strong></span> 
     </span>
     <span class='ocr_line' id='line_1_19' title="bbox 154 1975 1258 2060; baseline 0.005 -24"><span class='ocrx_word' id='word_1_166' title='bbox 154 1975 213 2036; x_wconf 82' lang='lat' dir='ltr'><strong>teri</strong></span> <span class='ocrx_word' id='word_1_167' title='bbox 220 1975 336 2055; x_wconf 70' lang='lat' dir='ltr'><strong>jubeo?</strong></span> <span class='ocrx_word' id='word_1_168' title='bbox 355 1995 423 2056; x_wconf 80' lang='lat' dir='ltr'><strong>ego,</strong></span> <span class='ocrx_word' id='word_1_169' title='bbox 435 1997 488 2058; x_wconf 85' lang='lat' dir='ltr'><strong>per</strong></span> <span class='ocrx_word' id='word_1_170' title='bbox 501 1979 575 2038; x_wconf 84' lang='lat' dir='ltr'><strong>deos</strong></span> <span class='ocrx_word' id='word_1_171' title='bbox 588 1979 776 2051; x_wconf 81' lang='lat' dir='ltr'><strong>Immortales,</strong></span> <span class='ocrx_word' id='word_1_172' title='bbox 788 1980 1041 2060; x_wconf 85' lang='lat' dir='ltr'><strong>verumopudvos</strong></span> <span class='ocrx_word' id='word_1_173' title='bbox 1060 1979 1258 2042; x_wconf 80' lang='lat' dir='ltr'><strong>liberedicam</strong></span> 
     </span>
     <span class='ocr_line' id='line_1_20' title="bbox 155 2065 1255 2153; baseline 0.007 -27"><span class='ocrx_word' id='word_1_174' title='bbox 155 2075 189 2126; x_wconf 90' lang='lat' dir='ltr'><strong>et</strong></span> <span class='ocrx_word' id='word_1_175' title='bbox 198 2083 259 2126; x_wconf 84' lang='lat' dir='ltr'><strong>non</strong></span> <span class='ocrx_word' id='word_1_176' title='bbox 271 2065 471 2127; x_wconf 79' lang='lat' dir='ltr'><strong>dissImulobo.</strong></span> <span class='ocrx_word' id='word_1_177' title='bbox 499 2067 570 2128; x_wconf 86' lang='lat' dir='ltr'><strong>Non</strong></span> <span class='ocrx_word' id='word_1_178' title='bbox 589 2070 664 2128; x_wconf 90' lang='lat' dir='ltr'><strong>utin</strong></span> <span class='ocrx_word' id='word_1_179' title='bbox 677 2070 843 2130; x_wconf 83' lang='lat' dir='ltr'><strong>convicium</strong></span> <span class='ocrx_word' id='word_1_180' title='bbox 856 2070 997 2150; x_wconf 82' lang='lat' dir='ltr'><strong>delapsus</strong></span> <span class='ocrx_word' id='word_1_181' title='bbox 1010 2071 1135 2132; x_wconf 83' lang='lat' dir='ltr'><strong>efficium</strong></span> <span class='ocrx_word' id='word_1_182' title='bbox 1148 2080 1255 2153; x_wconf 43' lang='lat' dir='ltr'><strong>utxego</strong></span> 
     </span>
     <span class='ocr_line' id='line_1_21' title="bbox 154 2155 1258 2240; baseline 0.004 -20"><span class='ocrx_word' id='word_1_183' title='bbox 154 2155 283 2226; x_wconf 68' lang='lat' dir='ltr'><strong>vicissim</strong></span> <span class='ocrx_word' id='word_1_184' title='bbox 292 2158 431 2220; x_wconf 85' lang='lat' dir='ltr'><strong>conviciis</strong></span> <span class='ocrx_word' id='word_1_185' title='bbox 441 2158 581 2240; x_wconf 80' lang='lat' dir='ltr'><strong>epudvos</strong></span> <span class='ocrx_word' id='word_1_186' title='bbox 590 2159 772 2234; x_wconf 84' lang='lat' dir='ltr'><strong>incessar,iis</strong></span> <span class='ocrx_word' id='word_1_187' title='bbox 783 2171 882 2221; x_wconf 78' lang='lat' dir='ltr'><strong>eutem</strong></span> <span class='ocrx_word' id='word_1_188' title='bbox 890 2161 942 2240; x_wconf 90' lang='lat' dir='ltr'><strong>qui</strong></span> <span class='ocrx_word' id='word_1_189' title='bbox 955 2163 994 2222; x_wconf 87' lang='lat' dir='ltr'><strong>eb</strong></span> <span class='ocrx_word' id='word_1_190' title='bbox 1007 2162 1091 2223; x_wconf 84' lang='lat' dir='ltr'><strong>initio</strong></span> <span class='ocrx_word' id='word_1_191' title='bbox 1103 2163 1175 2223; x_wconf 88' lang='lat' dir='ltr'><strong>mihi</strong></span> <span class='ocrx_word' id='word_1_192' title='bbox 1183 2163 1258 2224; x_wconf 81' lang='lat' dir='ltr'><strong>iuis·</strong></span> 
     </span>
     <span class='ocr_line' id='line_1_22' title="bbox 156 2249 1258 2336; baseline 0.005 -26"><span class='ocrx_word' id='word_1_193' title='bbox 156 2251 195 2310; x_wconf 86' lang='lat' dir='ltr'><strong>sti</strong></span> <span class='ocrx_word' id='word_1_194' title='bbox 203 2249 324 2313; x_wconf 74' lang='lat' dir='ltr'><strong>suerunt</strong></span> <span class='ocrx_word' id='word_1_195' title='bbox 332 2269 411 2312; x_wconf 87' lang='lat' dir='ltr'><strong>nunc</strong></span> <span class='ocrx_word' id='word_1_196' title='bbox 424 2269 541 2331; x_wconf 87' lang='lat' dir='ltr'><strong>quoque</strong></span> <span class='ocrx_word' id='word_1_197' title='bbox 551 2253 699 2330; x_wconf 75' lang='lat' dir='ltr'><strong>proebesrn</strong></span> <span class='ocrx_word' id='word_1_198' title='bbox 717 2252 902 2312; x_wconf 69' lang='lat' dir='ltr'><strong>occasionem</strong></span> <span class='ocrx_word' id='word_1_199' title='bbox 913 2251 1022 2331; x_wconf 86' lang='lat' dir='ltr'><strong>aliquid</strong></span> <span class='ocrx_word' id='word_1_200' title='bbox 1035 2254 1141 2314; x_wconf 84' lang='lat' dir='ltr'><strong>iterum</strong></span> <span class='ocrx_word' id='word_1_201' title='bbox 1149 2256 1258 2336; x_wconf 84' lang='lat' dir='ltr'><strong>accipi·</strong></span> 
     </span>
     <span class='ocr_line' id='line_1_23' title="bbox 155 2336 1259 2424; baseline 0.005 -22"><span class='ocrx_word' id='word_1_202' title='bbox 155 2343 225 2402; x_wconf 90' lang='lat' dir='ltr'><strong>endi</strong></span> <span class='ocrx_word' id='word_1_203' title='bbox 240 2341 403 2424; x_wconf 83' lang='lat' dir='ltr'><strong>aPhilippo</strong></span> <span class='ocrx_word' id='word_1_204' title='bbox 414 2367 422 2414; x_wconf 81' lang='lat'>3</span> <span class='ocrx_word' id='word_1_205' title='bbox 435 2361 530 2423; x_wconf 88' lang='lat' dir='ltr'><strong>neque</strong></span> <span class='ocrx_word' id='word_1_206' title='bbox 540 2352 574 2403; x_wconf 90' lang='lat' dir='ltr'><strong>ut</strong></span> <span class='ocrx_word' id='word_1_207' title='bbox 584 2343 692 2404; x_wconf 83' lang='lat' dir='ltr'><strong>frustra</strong></span> <span class='ocrx_word' id='word_1_208' title='bbox 699 2343 835 2424; x_wconf 81' lang='lat' dir='ltr'><strong>garriam.</strong></span> <span class='ocrx_word' id='word_1_209' title='bbox 860 2336 1002 2421; x_wconf 74' lang='lat' dir='ltr'><strong>Sed&#39;qsoa</strong></span> <span class='ocrx_word' id='word_1_210' title='bbox 1009 2343 1259 2424; x_wconf 84' lang='lat' dir='ltr'><strong>aliquondovobis</strong></span> 
     </span>
     <span class='ocr_line' id='line_1_24' title="bbox 155 2433 1259 2519; baseline 0.006 -26"><span class='ocrx_word' id='word_1_211' title='bbox 155 2435 325 2496; x_wconf 81' lang='lat' dir='ltr'><strong>molestiora</strong></span> <span class='ocrx_word' id='word_1_212' title='bbox 345 2437 407 2496; x_wconf 84' lang='lat' dir='ltr'><strong>lore</strong></span> <span class='ocrx_word' id='word_1_213' title='bbox 429 2433 558 2518; x_wconf 88' lang='lat' dir='ltr'><strong>Philippi</strong></span> <span class='ocrx_word' id='word_1_214' title='bbox 579 2435 658 2496; x_wconf 85' lang='lat' dir='ltr'><strong>secta</strong></span> <span class='ocrx_word' id='word_1_215' title='bbox 681 2445 764 2517; x_wconf 88' lang='lat' dir='ltr'><strong>puto,</strong></span> <span class='ocrx_word' id='word_1_216' title='bbox 784 2453 874 2517; x_wconf 85' lang='lat' dir='ltr'><strong>quarn</strong></span> <span class='ocrx_word' id='word_1_217' title='bbox 888 2454 990 2495; x_wconf 84' lang='lat' dir='ltr'><strong>nunc:</strong></span> <span class='ocrx_word' id='word_1_218' title='bbox 1015 2455 1077 2496; x_wconf 89' lang='lat' dir='ltr'><strong>rem</strong></span> <span class='ocrx_word' id='word_1_219' title='bbox 1100 2438 1177 2497; x_wconf 90' lang='lat' dir='ltr'><strong>enim</strong></span> <span class='ocrx_word' id='word_1_220' title='bbox 1190 2456 1259 2519; x_wconf 87' lang='lat' dir='ltr'><strong>pro·</strong></span> 
     </span>
     <span class='ocr_line' id='line_1_25' title="bbox 156 2528 1258 2609; baseline 0.002 -20"><span class='ocrx_word' id='word_1_221' title='bbox 156 2528 239 2607; x_wconf 83' lang='lat' dir='ltr'><strong>gredi</strong></span> <span class='ocrx_word' id='word_1_222' title='bbox 259 2528 355 2604; x_wconf 78' lang='lat' dir='ltr'><strong>video,</strong></span> <span class='ocrx_word' id='word_1_223' title='bbox 376 2548 471 2609; x_wconf 89' lang='lat' dir='ltr'><strong>neque</strong></span> <span class='ocrx_word' id='word_1_224' title='bbox 493 2548 563 2590; x_wconf 83' lang='lat' dir='ltr'><strong>sane</strong></span> <span class='ocrx_word' id='word_1_225' title='bbox 581 2528 669 2591; x_wconf 78' lang='lat' dir='ltr'><strong>velim</strong></span> <span class='ocrx_word' id='word_1_226' title='bbox 688 2529 873 2609; x_wconf 86' lang='lat' dir='ltr'><strong>conjecturas</strong></span> <span class='ocrx_word' id='word_1_227' title='bbox 892 2547 974 2589; x_wconf 85' lang='lat' dir='ltr'><strong>meas</strong></span> <span class='ocrx_word' id='word_1_228' title='bbox 1002 2548 1069 2589; x_wconf 86' lang='lat' dir='ltr'><strong>esse</strong></span> <span class='ocrx_word' id='word_1_229' title='bbox 1087 2548 1182 2604; x_wconf 81' lang='lat' dir='ltr'><strong>veras,</strong></span> <span class='ocrx_word' id='word_1_230' title='bbox 1203 2532 1258 2591; x_wconf 82' lang='lat' dir='ltr'><strong>seri</strong></span> 
     </span>
     <span class='ocr_line' id='line_1_26' title="bbox 154 2620 1258 2705; baseline 0.006 -26"><span class='ocrx_word' id='word_1_231' title='bbox 154 2638 257 2681; x_wconf 84' lang='lat' dir='ltr'><strong>vereor</strong></span> <span class='ocrx_word' id='word_1_232' title='bbox 269 2640 307 2681; x_wconf 91' lang='lat' dir='ltr'><strong>ne</strong></span> <span class='ocrx_word' id='word_1_233' title='bbox 325 2620 356 2680; x_wconf 83' lang='lat' dir='ltr'><strong>id</strong></span> <span class='ocrx_word' id='word_1_234' title='bbox 364 2620 428 2701; x_wconf 87' lang='lat' dir='ltr'><strong>jem</strong></span> <span class='ocrx_word' id='word_1_235' title='bbox 442 2620 527 2682; x_wconf 89' lang='lat' dir='ltr'><strong>nimis</strong></span> <span class='ocrx_word' id='word_1_236' title='bbox 542 2620 573 2682; x_wconf 91' lang='lat' dir='ltr'><strong>in</strong></span> <span class='ocrx_word' id='word_1_237' title='bbox 586 2621 751 2705; x_wconf 88' lang='lat' dir='ltr'><strong>propinquo</strong></span> <span class='ocrx_word' id='word_1_238' title='bbox 774 2620 823 2681; x_wconf 86' lang='lat' dir='ltr'><strong>sit.</strong></span> <span class='ocrx_word' id='word_1_239' title='bbox 855 2620 984 2687; x_wconf 79' lang='lat' dir='ltr'><strong>Quando</strong></span> <span class='ocrx_word' id='word_1_240' title='bbox 1000 2620 1089 2700; x_wconf 84' lang='lat' dir='ltr'><strong>igitur</strong></span> <span class='ocrx_word' id='word_1_241' title='bbox 1100 2624 1183 2683; x_wconf 80' lang='lat' dir='ltr'><strong>vobis</strong></span> <span class='ocrx_word' id='word_1_242' title='bbox 1196 2644 1258 2687; x_wconf 91' lang='lat' dir='ltr'><strong>nou</strong></span> 
     </span>
    </p>
   </div>
   <div class='ocr_carea' id='block_1_5' title="bbox 150 2708 1375 2795">
    <p class='ocr_par' dir='ltr' id='par_1_5' title="bbox 150 2708 1375 2795">
     <span class='ocr_line' id='line_1_27' title="bbox 150 2708 1375 2795; baseline 0.005 -22"><span class='ocrx_word' id='word_1_243' title='bbox 150 2712 215 2793; x_wconf 76' lang='lat' dir='ltr'><strong>jum</strong></span> <span class='ocrx_word' id='word_1_244' title='bbox 238 2714 363 2775; x_wconf 88' lang='lat' dir='ltr'><strong>liberum</strong></span> <span class='ocrx_word' id='word_1_245' title='bbox 385 2716 441 2775; x_wconf 89' lang='lat' dir='ltr'><strong>erit</strong></span> <span class='ocrx_word' id='word_1_246' title='bbox 464 2734 501 2775; x_wconf 82' lang='lat' dir='ltr'><strong>es</strong></span> <span class='ocrx_word' id='word_1_247' title='bbox 520 2734 589 2795; x_wconf 79' lang='lat' dir='ltr'><strong>quse</strong></span> <span class='ocrx_word' id='word_1_248' title='bbox 614 2714 752 2776; x_wconf 76' lang='lat' dir='ltr'><strong>eveniam</strong></span> <span class='ocrx_word' id='word_1_249' title='bbox 771 2713 941 2794; x_wconf 66' lang='lat' dir='ltr'><strong>negligereg</strong></span> <span class='ocrx_word' id='word_1_250' title='bbox 961 2732 1058 2793; x_wconf 88' lang='lat' dir='ltr'><strong>neque</strong></span> <span class='ocrx_word' id='word_1_251' title='bbox 1079 2715 1136 2775; x_wconf 86' lang='lat' dir='ltr'><strong>ista</strong></span> <span class='ocrx_word' id='word_1_252' title='bbox 1156 2726 1258 2779; x_wconf 82' lang='lat' dir='ltr'><strong>contra</strong></span> <span class='ocrx_word' id='word_1_253' title='bbox 1371 2708 1375 2718; x_wconf 74' lang='grc'>’</span> 
     </span>
    </p>
   </div>
   <div class='ocr_carea' id='block_1_6' title="bbox 136 2804 1325 4183">
    <p class='ocr_par' dir='ltr' id='par_1_6' title="bbox 151 2804 1325 3442">
     <span class='ocr_line' id='line_1_28' title="bbox 154 2804 1255 2887; baseline 0.003 -21"><span class='ocrx_word' id='word_1_254' title='bbox 154 2824 209 2867; x_wconf 83' lang='lat' dir='ltr'><strong>vos</strong></span> <span class='ocrx_word' id='word_1_255' title='bbox 221 2806 316 2887; x_wconf 83' lang='lat' dir='ltr'><strong>pareri</strong></span> <span class='ocrx_word' id='word_1_256' title='bbox 329 2816 361 2868; x_wconf 89' lang='lat' dir='ltr'><strong>et</strong></span> <span class='ocrx_word' id='word_1_257' title='bbox 372 2806 446 2868; x_wconf 88' lang='lat' dir='ltr'><strong>strui</strong></span> <span class='ocrx_word' id='word_1_258' title='bbox 458 2822 499 2868; x_wconf 85' lang='lat' dir='ltr'><strong>ex</strong></span> <span class='ocrx_word' id='word_1_259' title='bbox 515 2826 563 2887; x_wconf 74' lang='lat' dir='ltr'><strong>me</strong></span> <span class='ocrx_word' id='word_1_260' title='bbox 582 2806 706 2870; x_wconf 80' lang='lat' dir='ltr'><strong>audietis</strong></span> <span class='ocrx_word' id='word_1_261' title='bbox 730 2806 783 2867; x_wconf 80' lang='lat' dir='ltr'><strong>ebt</strong></span> <span class='ocrx_word' id='word_1_262' title='bbox 802 2804 860 2866; x_wconf 76' lang='lat' dir='ltr'><strong>atio</strong></span> <span class='ocrx_word' id='word_1_263' title='bbox 873 2806 1022 2886; x_wconf 85' lang='lat' dir='ltr'><strong>quopiam,</strong></span> <span class='ocrx_word' id='word_1_264' title='bbox 1041 2806 1094 2866; x_wconf 88' lang='lat' dir='ltr'><strong>sed</strong></span> <span class='ocrx_word' id='word_1_265' title='bbox 1112 2807 1169 2887; x_wconf 91' lang='lat' dir='ltr'><strong>ipsi</strong></span> <span class='ocrx_word' id='word_1_266' title='bbox 1192 2829 1255 2869; x_wconf 91' lang='lat' dir='ltr'><strong>om·</strong></span> 
     </span>
     <span class='ocr_line' id='line_1_29' title="bbox 154 2898 1259 2981; baseline 0.004 -22"><span class='ocrx_word' id='word_1_267' title='bbox 154 2917 209 2959; x_wconf 87' lang='lat' dir='ltr'><strong>nes</strong></span> <span class='ocrx_word' id='word_1_268' title='bbox 222 2898 356 2961; x_wconf 83' lang='lat' dir='ltr'><strong>videbitis</strong></span> <span class='ocrx_word' id='word_1_269' title='bbox 378 2900 521 2981; x_wconf 77' lang='lat' dir='ltr'><strong>etprobe</strong></span> <span class='ocrx_word' id='word_1_270' title='bbox 543 2900 653 2972; x_wconf 88' lang='lat' dir='ltr'><strong>scietis,</strong></span> <span class='ocrx_word' id='word_1_271' title='bbox 674 2900 832 2961; x_wconf 87' lang='lat' dir='ltr'><strong>iracundos</strong></span> <span class='ocrx_word' id='word_1_272' title='bbox 852 2908 884 2959; x_wconf 87' lang='lat' dir='ltr'><strong>et</strong></span> <span class='ocrx_word' id='word_1_273' title='bbox 903 2918 1023 2979; x_wconf 85' lang='lat' dir='ltr'><strong>asperos</strong></span> <span class='ocrx_word' id='word_1_274' title='bbox 1041 2899 1103 2959; x_wconf 84' lang='lat' dir='ltr'><strong>iore</strong></span> <span class='ocrx_word' id='word_1_275' title='bbox 1120 2919 1174 2961; x_wconf 85' lang='lat' dir='ltr'><strong>vos</strong></span> <span class='ocrx_word' id='word_1_276' title='bbox 1197 2902 1259 2963; x_wconf 83' lang='lat' dir='ltr'><strong>exi·</strong></span> 
     </span>
     <span class='ocr_line' id='line_1_30' title="bbox 156 2990 1257 3073; baseline 0.002 -22"><span class='ocrx_word' id='word_1_277' title='bbox 156 2992 254 3053; x_wconf 84' lang='lat' dir='ltr'><strong>stimo.</strong></span> <span class='ocrx_word' id='word_1_278' title='bbox 283 2992 394 3053; x_wconf 80' lang='lat' dir='ltr'><strong>Vereor</strong></span> <span class='ocrx_word' id='word_1_279' title='bbox 407 2992 496 3073; x_wconf 77' lang='lat' dir='ltr'><strong>igitur</strong></span> <span class='ocrx_word' id='word_1_280' title='bbox 509 3012 547 3053; x_wconf 84' lang='lat' dir='ltr'><strong>ne</strong></span> <span class='ocrx_word' id='word_1_281' title='bbox 561 3012 631 3055; x_wconf 88' lang='lat' dir='ltr'><strong>euru</strong></span> <span class='ocrx_word' id='word_1_282' title='bbox 645 3012 682 3053; x_wconf 85' lang='lat' dir='ltr'><strong>es</strong></span> <span class='ocrx_word' id='word_1_283' title='bbox 693 2993 783 3072; x_wconf 76' lang='lat' dir='ltr'><strong>legati</strong></span> <span class='ocrx_word' id='word_1_284' title='bbox 795 2990 967 3051; x_wconf 87' lang='lat' dir='ltr'><strong>reticuerint</strong></span> <span class='ocrx_word' id='word_1_285' title='bbox 977 2992 1017 3051; x_wconf 92' lang='lat' dir='ltr'><strong>ob</strong></span> <span class='ocrx_word' id='word_1_286' title='bbox 1032 3009 1099 3069; x_wconf 79' lang='lat' dir='ltr'><strong>quta</strong></span> <span class='ocrx_word' id='word_1_287' title='bbox 1121 3010 1154 3051; x_wconf 89' lang='lat' dir='ltr'><strong>se</strong></span> <span class='ocrx_word' id='word_1_288' title='bbox 1167 2992 1257 3073; x_wconf 77' lang='lat' dir='ltr'><strong>largi·</strong></span> 
     </span>
     <span class='ocr_line' id='line_1_31' title="bbox 153 3081 1256 3165; baseline 0.003 -24"><span class='ocrx_word' id='word_1_289' title='bbox 153 3082 283 3143; x_wconf 85' lang='lat' dir='ltr'><strong>tiourbus</strong></span> <span class='ocrx_word' id='word_1_290' title='bbox 296 3094 450 3164; x_wconf 84' lang='lat' dir='ltr'><strong>corruptos</strong></span> <span class='ocrx_word' id='word_1_291' title='bbox 459 3104 525 3145; x_wconf 88' lang='lat' dir='ltr'><strong>esse</strong></span> <span class='ocrx_word' id='word_1_292' title='bbox 539 3086 645 3158; x_wconf 88' lang='lat' dir='ltr'><strong>sciunt,</strong></span> <span class='ocrx_word' id='word_1_293' title='bbox 657 3085 694 3143; x_wconf 91' lang='lat' dir='ltr'><strong>iis</strong></span> <span class='ocrx_word' id='word_1_294' title='bbox 708 3084 758 3164; x_wconf 87' lang='lat' dir='ltr'><strong>qui</strong></span> <span class='ocrx_word' id='word_1_295' title='bbox 771 3102 810 3143; x_wconf 83' lang='lat' dir='ltr'><strong>ee</strong></span> <span class='ocrx_word' id='word_1_296' title='bbox 821 3102 890 3161; x_wconf 77' lang='lat' dir='ltr'><strong>qum</strong></span> <span class='ocrx_word' id='word_1_297' title='bbox 902 3101 956 3165; x_wconf 79' lang='lat' dir='ltr'><strong>per</strong></span> <span class='ocrx_word' id='word_1_298' title='bbox 968 3083 1041 3143; x_wconf 88' lang='lat' dir='ltr'><strong>istos</strong></span> <span class='ocrx_word' id='word_1_299' title='bbox 1053 3081 1202 3161; x_wconf 85' lang='lat' dir='ltr'><strong>perierunt</strong></span> <span class='ocrx_word' id='word_1_300' title='bbox 1210 3084 1256 3144; x_wconf 91' lang='lat' dir='ltr'><strong>in-</strong></span> 
     </span>
     <span class='ocr_line' id='line_1_32' title="bbox 153 3174 1325 3256; baseline 0.003 -22"><span class='ocrx_word' id='word_1_301' title='bbox 153 3184 285 3235; x_wconf 85' lang='lat' dir='ltr'><strong>staurare</strong></span> <span class='ocrx_word' id='word_1_302' title='bbox 306 3186 461 3247; x_wconf 84' lang='lat' dir='ltr'><strong>conantur,</strong></span> <span class='ocrx_word' id='word_1_303' title='bbox 475 3188 604 3237; x_wconf 82' lang='lat' dir='ltr'><strong>vestram</strong></span> <span class='ocrx_word' id='word_1_304' title='bbox 619 3174 742 3256; x_wconf 84' lang='lat' dir='ltr'><strong>experiri</strong></span> <span class='ocrx_word' id='word_1_305' title='bbox 763 3175 945 3236; x_wconf 79' lang='lat' dir='ltr'><strong>Iracundism</strong></span> <span class='ocrx_word' id='word_1_306' title='bbox 957 3193 1014 3234; x_wconf 91' lang='lat' dir='ltr'><strong>usu</strong></span> <span class='ocrx_word' id='word_1_307' title='bbox 1027 3174 1147 3234; x_wconf 64' lang='lat' dir='ltr'><strong>venisti</strong></span> <span class='ocrx_word' id='word_1_308' title='bbox 1169 3176 1276 3237; x_wconf 83' lang='lat' dir='ltr'><strong>video·</strong></span> <span class='ocrx_word' id='word_1_309' title='bbox 1323 3189 1325 3192; x_wconf 83' lang='grc'><strong>“</strong></span> 
     </span>
     <span class='ocr_line' id='line_1_33' title="bbox 153 3264 1256 3350; baseline 0.002 -25"><span class='ocrx_word' id='word_1_310' title='bbox 153 3265 235 3337; x_wconf 83' lang='lat' dir='ltr'><strong>enim</strong></span> <span class='ocrx_word' id='word_1_311' title='bbox 256 3267 414 3328; x_wconf 87' lang='lat' dir='ltr'><strong>nonnullos</strong></span> <span class='ocrx_word' id='word_1_312' title='bbox 429 3264 598 3350; x_wconf 87' lang='lat' dir='ltr'><strong>pierumque</strong></span> <span class='ocrx_word' id='word_1_313' title='bbox 616 3287 677 3328; x_wconf 89' lang='lat' dir='ltr'><strong>non</strong></span> <span class='ocrx_word' id='word_1_314' title='bbox 690 3266 719 3327; x_wconf 90' lang='lat' dir='ltr'><strong>in</strong></span> <span class='ocrx_word' id='word_1_315' title='bbox 733 3286 830 3328; x_wconf 86' lang='lat' dir='ltr'><strong>rerum</strong></span> <span class='ocrx_word' id='word_1_316' title='bbox 848 3265 996 3340; x_wconf 81' lang='lat' dir='ltr'><strong>auctores,</strong></span> <span class='ocrx_word' id='word_1_317' title='bbox 1018 3266 1073 3327; x_wconf 85' lang='lat' dir='ltr'><strong>scd</strong></span> <span class='ocrx_word' id='word_1_318' title='bbox 1093 3265 1125 3325; x_wconf 90' lang='lat' dir='ltr'><strong>in</strong></span> <span class='ocrx_word' id='word_1_319' title='bbox 1137 3267 1192 3329; x_wconf 92' lang='lat' dir='ltr'><strong>hos</strong></span> <span class='ocrx_word' id='word_1_320' title='bbox 1205 3270 1256 3348; x_wconf 91' lang='lat' dir='ltr'><strong>qui</strong></span> 
     </span>
     <span class='ocr_line' id='line_1_34' title="bbox 151 3359 912 3442; baseline 0 -22"><span class='ocrx_word' id='word_1_321' title='bbox 151 3360 183 3420; x_wconf 96' lang='lat' dir='ltr'><strong>in</strong></span> <span class='ocrx_word' id='word_1_322' title='bbox 197 3378 297 3421; x_wconf 87' lang='lat' dir='ltr'><strong>eorum</strong></span> <span class='ocrx_word' id='word_1_323' title='bbox 312 3371 382 3421; x_wconf 87' lang='lat' dir='ltr'><strong>sunt</strong></span> <span class='ocrx_word' id='word_1_324' title='bbox 393 3369 551 3442; x_wconf 81' lang='lat' dir='ltr'><strong>potestate,</strong></span> <span class='ocrx_word' id='word_1_325' title='bbox 564 3362 638 3420; x_wconf 80' lang='lat' dir='ltr'><strong>Iram</strong></span> <span class='ocrx_word' id='word_1_326' title='bbox 651 3379 735 3421; x_wconf 87' lang='lat' dir='ltr'><strong>susm</strong></span> <span class='ocrx_word' id='word_1_327' title='bbox 749 3359 912 3421; x_wconf 83' lang='lat' dir='ltr'><strong>effundere.</strong></span> 
     </span>
    </p>

    <p class='ocr_par' dir='ltr' id='par_1_7' title="bbox 136 3450 1255 4183">
     <span class='ocr_line' id='line_1_35' title="bbox 194 3450 1254 3535; baseline 0.002 -22"><span class='ocrx_word' id='word_1_328' title='bbox 194 3456 224 3513; x_wconf 88' lang='lat'><strong>7.</strong></span> <span class='ocrx_word' id='word_1_329' title='bbox 245 3454 326 3517; x_wconf 90' lang='lat' dir='ltr'><strong>Dum</strong></span> <span class='ocrx_word' id='word_1_330' title='bbox 341 3454 432 3535; x_wconf 82' lang='lat' dir='ltr'><strong>igitur</strong></span> <span class='ocrx_word' id='word_1_331' title='bbox 444 3473 491 3515; x_wconf 84' lang='lat' dir='ltr'><strong>res</strong></span> <span class='ocrx_word' id='word_1_332' title='bbox 506 3451 637 3513; x_wconf 81' lang='lat' dir='ltr'><strong>differtur</strong></span> <span class='ocrx_word' id='word_1_333' title='bbox 649 3463 680 3514; x_wconf 90' lang='lat' dir='ltr'><strong>et</strong></span> <span class='ocrx_word' id='word_1_334' title='bbox 692 3460 877 3531; x_wconf 84' lang='lat' dir='ltr'><strong>comparatur</strong></span> <span class='ocrx_word' id='word_1_335' title='bbox 895 3459 926 3510; x_wconf 79' lang='lat' dir='ltr'><strong>et</strong></span> <span class='ocrx_word' id='word_1_336' title='bbox 938 3450 1013 3511; x_wconf 87' lang='lat' dir='ltr'><strong>alius</strong></span> <span class='ocrx_word' id='word_1_337' title='bbox 1030 3450 1120 3512; x_wconf 82' lang='lat' dir='ltr'><strong>alium</strong></span> <span class='ocrx_word' id='word_1_338' title='bbox 1134 3454 1254 3515; x_wconf 83' lang='lat' dir='ltr'><strong>exaudi·</strong></span> 
     </span>
     <span class='ocr_line' id='line_1_36' title="bbox 152 3545 1255 3627; baseline 0 -19"><span class='ocrx_word' id='word_1_339' title='bbox 152 3566 230 3621; x_wconf 88' lang='lat' dir='ltr'><strong>mus,</strong></span> <span class='ocrx_word' id='word_1_340' title='bbox 241 3566 480 3627; x_wconf 86' lang='lat' dir='ltr'><strong>unumquemque</strong></span> <span class='ocrx_word' id='word_1_341' title='bbox 492 3555 634 3618; x_wconf 77' lang='lat' dir='ltr'><strong>restrum,</strong></span> <span class='ocrx_word' id='word_1_342' title='bbox 646 3545 715 3605; x_wconf 87' lang='lat' dir='ltr'><strong>licet</strong></span> <span class='ocrx_word' id='word_1_343' title='bbox 726 3547 817 3625; x_wconf 88' lang='lat' dir='ltr'><strong>probe</strong></span> <span class='ocrx_word' id='word_1_344' title='bbox 827 3564 961 3625; x_wconf 75' lang='lat' dir='ltr'><strong>gnarum,</strong></span> <span class='ocrx_word' id='word_1_345' title='bbox 974 3554 1073 3605; x_wconf 82' lang='lat' dir='ltr'><strong>tamen</strong></span> <span class='ocrx_word' id='word_1_346' title='bbox 1087 3564 1255 3609; x_wconf 87' lang='lat' dir='ltr'><strong>commone-</strong></span> 
     </span>
     <span class='ocr_line' id='line_1_37' title="bbox 136 3634 1254 3719; baseline -0.003 -17"><span class='ocrx_word' id='word_1_347' title='bbox 136 3640 250 3718; x_wconf 57' lang='lat' dir='ltr'><strong>,Iacere</strong></span> <span class='ocrx_word' id='word_1_348' title='bbox 263 3639 361 3714; x_wconf 72' lang='lat' dir='ltr'><strong>selim,</strong></span> <span class='ocrx_word' id='word_1_349' title='bbox 371 3640 507 3719; x_wconf 80' lang='lat' dir='ltr'><strong>quisnam</strong></span> <span class='ocrx_word' id='word_1_350' title='bbox 519 3649 566 3699; x_wconf 83' lang='lat' dir='ltr'><strong>est</strong></span> <span class='ocrx_word' id='word_1_351' title='bbox 578 3638 630 3719; x_wconf 89' lang='lat' dir='ltr'><strong>qui</strong></span> <span class='ocrx_word' id='word_1_352' title='bbox 644 3637 813 3700; x_wconf 85' lang='lat' dir='ltr'><strong>Phocenses</strong></span> <span class='ocrx_word' id='word_1_353' title='bbox 826 3648 857 3697; x_wconf 88' lang='lat' dir='ltr'><strong>et</strong></span> <span class='ocrx_word' id='word_1_354' title='bbox 875 3635 965 3717; x_wconf 81' lang='lat' dir='ltr'><strong>Pylas</strong></span> <span class='ocrx_word' id='word_1_355' title='bbox 978 3634 1156 3698; x_wconf 84' lang='lat' dir='ltr'><strong>deserendas</strong></span> <span class='ocrx_word' id='word_1_356' title='bbox 1171 3640 1254 3699; x_wconf 85' lang='lat' dir='ltr'><strong>vobis</strong></span> 
     </span>
     <span class='ocr_line' id='line_1_38' title="bbox 153 3728 1255 3813; baseline -0.003 -18"><span class='ocrx_word' id='word_1_357' title='bbox 153 3733 257 3805; x_wconf 80' lang='lat' dir='ltr'><strong>suasit,</strong></span> <span class='ocrx_word' id='word_1_358' title='bbox 280 3728 389 3813; x_wconf 84' lang='lat' dir='ltr'><strong>quibus</strong></span> <span class='ocrx_word' id='word_1_359' title='bbox 401 3731 449 3793; x_wconf 87' lang='lat' dir='ltr'><strong>ille</strong></span> <span class='ocrx_word' id='word_1_360' title='bbox 467 3731 577 3813; x_wconf 85' lang='lat' dir='ltr'><strong>potitus</strong></span> <span class='ocrx_word' id='word_1_361' title='bbox 602 3730 680 3793; x_wconf 81' lang='lat' dir='ltr'><strong>riam</strong></span> <span class='ocrx_word' id='word_1_362' title='bbox 699 3731 755 3791; x_wconf 91' lang='lat' dir='ltr'><strong>sibi</strong></span> <span class='ocrx_word' id='word_1_363' title='bbox 774 3730 805 3791; x_wconf 90' lang='lat' dir='ltr'><strong>in</strong></span> <span class='ocrx_word' id='word_1_364' title='bbox 818 3730 951 3791; x_wconf 84' lang='lat' dir='ltr'><strong>Atticam</strong></span> <span class='ocrx_word' id='word_1_365' title='bbox 968 3739 1002 3790; x_wconf 89' lang='lat' dir='ltr'><strong>et</strong></span> <span class='ocrx_word' id='word_1_366' title='bbox 1017 3728 1255 3810; x_wconf 86' lang='lat' dir='ltr'><strong>Peloponnesum</strong></span> 
     </span>
     <span class='ocr_line' id='line_1_39' title="bbox 151 3822 1253 3905; baseline -0.004 -18"><span class='ocrx_word' id='word_1_367' title='bbox 151 3825 287 3899; x_wconf 80' lang='lat' dir='ltr'><strong>munivit,</strong></span> <span class='ocrx_word' id='word_1_368' title='bbox 308 3824 487 3905; x_wconf 79' lang='lat' dir='ltr'><strong>perfecitque</strong></span> <span class='ocrx_word' id='word_1_369' title='bbox 506 3834 541 3885; x_wconf 90' lang='lat' dir='ltr'><strong>ut</strong></span> <span class='ocrx_word' id='word_1_370' title='bbox 556 3822 639 3885; x_wconf 72' lang='lat' dir='ltr'><strong>vohis</strong></span> <span class='ocrx_word' id='word_1_371' title='bbox 655 3841 716 3885; x_wconf 90' lang='lat' dir='ltr'><strong>non</strong></span> <span class='ocrx_word' id='word_1_372' title='bbox 735 3824 799 3905; x_wconf 71' lang='lat' dir='ltr'><strong>jem</strong></span> <span class='ocrx_word' id='word_1_373' title='bbox 819 3823 858 3883; x_wconf 81' lang='lat' dir='ltr'><strong>(le</strong></span> <span class='ocrx_word' id='word_1_374' title='bbox 873 3822 985 3886; x_wconf 72' lang='lat' dir='ltr'><strong>arendo</strong></span> <span class='ocrx_word' id='word_1_375' title='bbox 992 3823 1060 3903; x_wconf 87' lang='lat' dir='ltr'><strong>jure</strong></span> <span class='ocrx_word' id='word_1_376' title='bbox 1079 3823 1253 3883; x_wconf 71' lang='lat' dir='ltr'><strong>Graecorum</strong></span> 
     </span>
     <span class='ocr_line' id='line_1_40' title="bbox 152 3912 1253 3995; baseline -0.006 -15"><span class='ocrx_word' id='word_1_377' title='bbox 152 3918 232 3981; x_wconf 85' lang='lat' dir='ltr'><strong>etde</strong></span> <span class='ocrx_word' id='word_1_378' title='bbox 245 3918 331 3978; x_wconf 89' lang='lat' dir='ltr'><strong>rebus</strong></span> <span class='ocrx_word' id='word_1_379' title='bbox 344 3916 489 3978; x_wconf 84' lang='lat' dir='ltr'><strong>extraneis</strong></span> <span class='ocrx_word' id='word_1_380' title='bbox 502 3916 726 3979; x_wconf 88' lang='lat' dir='ltr'><strong>consultandum</strong></span> <span class='ocrx_word' id='word_1_381' title='bbox 742 3915 792 3992; x_wconf 89' lang='lat' dir='ltr'><strong>sit,</strong></span> <span class='ocrx_word' id='word_1_382' title='bbox 804 3915 859 3976; x_wconf 86' lang='lat' dir='ltr'><strong>sed</strong></span> <span class='ocrx_word' id='word_1_383' title='bbox 871 3915 911 3976; x_wconf 85' lang='lat' dir='ltr'><strong>‹le</strong></span> <span class='ocrx_word' id='word_1_384' title='bbox 923 3915 1016 3995; x_wconf 81' lang='lat' dir='ltr'><strong>patrio</strong></span> <span class='ocrx_word' id='word_1_385' title='bbox 1030 3914 1094 3974; x_wconf 91' lang='lat' dir='ltr'><strong>solo</strong></span> <span class='ocrx_word' id='word_1_386' title='bbox 1114 3912 1253 3993; x_wconf 85' lang='lat' dir='ltr'><strong>belloque</strong></span> 
     </span>
     <span class='ocr_line' id='line_1_41' title="bbox 151 4006 1252 4113; baseline -0.004 -43"><span class='ocrx_word' id='word_1_387' title='bbox 151 4010 301 4071; x_wconf 84' lang='lat' dir='ltr'><strong>Atticum</strong></span> <span class='ocrx_word' id='word_1_388' title='bbox 292 4028 387 4091; x_wconf 77' lang='lat' dir='ltr'><strong>ipsam</strong></span> <span class='ocrx_word' id='word_1_389' title='bbox 400 4010 572 4089; x_wconf 82' lang='lat' dir='ltr'><strong>attingente,</strong></span> <span class='ocrx_word' id='word_1_390' title='bbox 586 4008 667 4088; x_wconf 89' lang='lat' dir='ltr'><strong>quod</strong></span> <span class='ocrx_word' id='word_1_391' title='bbox 680 4008 781 4069; x_wconf 86' lang='lat' dir='ltr'><strong>dolore</strong></span> <span class='ocrx_word' id='word_1_392' title='bbox 793 4006 913 4087; x_wconf 86' lang='lat' dir='ltr'><strong>quidem</strong></span> <span class='ocrx_word' id='word_1_393' title='bbox 933 4006 1041 4067; x_wconf 81' lang='lat' dir='ltr'><strong>efficiet</strong></span> <span class='ocrx_word' id='word_1_394' title='bbox 1057 4022 1252 4113; x_wconf 81' lang='lat' dir='ltr'><strong>unumquem-</strong></span> 
     </span>
     <span class='ocr_line' id='line_1_42' title="bbox 152 4076 1252 4183; baseline -0.001 -20"><span class='ocrx_word' id='word_1_395' title='bbox 152 4123 211 4183; x_wconf 88' lang='lat' dir='ltr'><strong>que</strong></span> <span class='ocrx_word' id='word_1_396' title='bbox 231 4112 370 4174; x_wconf 85' lang='lat' dir='ltr'><strong>vestrum‚</strong></span> <span class='ocrx_word' id='word_1_397' title='bbox 386 4102 437 4163; x_wconf 85' lang='lat' dir='ltr'><strong>ubi</strong></span> <span class='ocrx_word' id='word_1_398' title='bbox 458 4102 561 4177; x_wconf 83' lang='lat' dir='ltr'><strong>ederit,</strong></span> <span class='ocrx_word' id='word_1_399' title='bbox 581 4110 676 4161; x_wconf 90' lang='lat' dir='ltr'><strong>ortum</strong></span> <span class='ocrx_word' id='word_1_400' title='bbox 692 4111 740 4162; x_wconf 90' lang='lat' dir='ltr'><strong>est</strong></span> <span class='ocrx_word' id='word_1_401' title='bbox 753 4110 852 4161; x_wconf 85' lang='lat' dir='ltr'><strong>autem</strong></span> <span class='ocrx_word' id='word_1_402' title='bbox 865 4098 939 4171; x_wconf 82' lang='lat' dir='ltr'><strong>illo&#39;</strong></span> <span class='ocrx_word' id='word_1_403' title='bbox 931 4116 997 4180; x_wconf 78' lang='lat' dir='ltr'><strong>ipso</strong></span> <span class='ocrx_word' id='word_1_404' title='bbox 1011 4096 1067 4158; x_wconf 85' lang='lat' dir='ltr'><strong>dic.</strong></span> <span class='ocrx_word' id='word_1_405' title='bbox 1080 4076 1162 4158; x_wconf 89' lang='lat' dir='ltr'><strong>Nisi</strong></span> <span class='ocrx_word' id='word_1_406' title='bbox 1173 4100 1252 4162; x_wconf 88' lang='lat' dir='ltr'><strong>enim</strong></span> 
     </span>
    </p>
   </div>
   <div class='ocr_carea' id='block_1_7' title="bbox 18 4188 1253 4277">
    <p class='ocr_par' dir='ltr' id='par_1_8' title="bbox 18 4188 1253 4277">
     <span class='ocr_line' id='line_1_43' title="bbox 18 4188 1253 4277; baseline -0.003 -19"><span class='ocrx_word' id='word_1_407' title='bbox 18 4268 22 4277; x_wconf 23' lang='lat'>4</span> <span class='ocrx_word' id='word_1_408' title='bbox 151 4206 216 4257; x_wconf 89' lang='lat' dir='ltr'><strong>turn</strong></span> <span class='ocrx_word' id='word_1_409' title='bbox 229 4194 535 4277; x_wconf 82' lang='lat' dir='ltr'><strong>deeeptiessetisvos,</strong></span> <span class='ocrx_word' id='word_1_410' title='bbox 544 4192 980 4274; x_wconf 78' lang='lat' dir='ltr'><strong>nullumjamt&#39;oretnegotium</strong></span> <span class='ocrx_word' id='word_1_411' title='bbox 992 4188 1178 4271; x_wconf 71' lang='lat' dir='ltr'><strong>reipublice.</strong></span> <span class='ocrx_word' id='word_1_412' title='bbox 1199 4213 1253 4254; x_wconf 90' lang='lat' dir='ltr'><strong>ne·</strong></span> 
     </span>
    </p>
   </div>
   <div class='ocr_carea' id='block_1_8' title="bbox 153 4282 1252 4368">
    <p class='ocr_par' dir='ltr' id='par_1_9' title="bbox 153 4282 1252 4368">
     <span class='ocr_line' id='line_1_44' title="bbox 153 4282 1252 4368; baseline 0 -19"><span class='ocrx_word' id='word_1_413' title='bbox 153 4308 213 4368; x_wconf 88' lang='lat' dir='ltr'><strong>que</strong></span> <span class='ocrx_word' id='word_1_414' title='bbox 227 4288 304 4350; x_wconf 88' lang='lat' dir='ltr'><strong>enim</strong></span> <span class='ocrx_word' id='word_1_415' title='bbox 317 4286 414 4352; x_wconf 80' lang='lat' dir='ltr'><strong>novoli</strong></span> <span class='ocrx_word' id='word_1_416' title='bbox 425 4286 508 4350; x_wconf 87' lang='lat' dir='ltr'><strong>hello</strong></span> <span class='ocrx_word' id='word_1_417' title='bbox 523 4286 654 4367; x_wconf 84' lang='lat' dir='ltr'><strong>superior</strong></span> <span class='ocrx_word' id='word_1_418' title='bbox 668 4286 765 4347; x_wconf 85' lang='lat' dir='ltr'><strong>classe</strong></span> <span class='ocrx_word' id='word_1_419' title='bbox 777 4300 908 4363; x_wconf 86' lang='lat' dir='ltr'><strong>unquam</strong></span> <span class='ocrx_word' id='word_1_420' title='bbox 928 4282 960 4345; x_wconf 88' lang='lat' dir='ltr'><strong>in</strong></span> <span class='ocrx_word' id='word_1_421' title='bbox 979 4282 1113 4351; x_wconf 83' lang='lat' dir='ltr'><strong>Atticam</strong></span> <span class='ocrx_word' id='word_1_422' title='bbox 1125 4286 1252 4349; x_wconf 81' lang='lat' dir='ltr'><strong>venisset</strong></span> 
     </span>
    </p>
   </div>
   <div class='ocr_carea' id='block_1_9' title="bbox 0 0 1472 5000">
    <p class='ocr_par' dir='ltr' id='par_1_10' title="bbox 0 0 1472 5000">
     <span class='ocr_line' id='line_1_45' title="bbox 0 0 1472 5000; baseline 0 2"><span class='ocrx_word' id='word_1_423' title='bbox 0 0 1472 5000; x_wconf 95' lang='lat' dir='ltr'><strong> </strong></span> 
     </span>
    </p>
   </div>
  </div>
 </body>
</html>
