2934 5000
370 353 551 459 counita·
565 353 921 418 aristoditorttttt
943 355 967 416 1.
1153 359 1212 422 4⁵3

119 519 152 570 et
167 525 220 588 pro
240 525 295 568 sna
313 507 417 586 cuique
436 507 560 568 libidine
578 507 696 568 vivendi
714 509 948 581 imantia-detur,
970 527 1029 568 aen
1048 507 1214 588 respublica

120 602 266 661 duntaxat
276 601 410 669 intereat,
424 599 560 660 sednihil
574 601 662 674 etiam
674 602 751 662 inter
759 612 893 662 nostram
906 611 937 663 et
949 602 1109 662 belluarum
1125 602 1212 662 ritum

119 692 242 752 intersit
264 691 345 768 Quid
354 691 432 750 enim
442 692 531 752 istum
541 692 638 771 ipsum
651 690 798 752 saetarum
808 691 919 771 putatia
928 693 1075 772 abrogatis
1085 693 1214 772 legibus,
1271 679 1277 686 ¹
1303 743 1310 752 .
1434 727 1438 736 .

118 783 171 861 qni
191 783 357 861 vigentibus
376 781 610 842 iltis-estatist
635 783 713 842 Cum
732 793 830 846 autem
851 785 1041 846 inconfesse
1063 785 1110 858 ιιι,
1132 786 1215 863 leger

119 874 252 954 proxime
267 887 298 932 et
311 873 474 932 secundnm
496 873 580 946 deos,
599 876 827 936 conservatrices
848 895 913 936 ease
936 875 1114 956 reipublice,
1128 875 1215 936 decet

120 985 224 1044 omnes
237 985 301 1038 ros,
315 964 437 1046 perinde
450 985 488 1028 ac
504 966 530 1025 ri
548 965 586 1025 ad
601 966 754 1028 collectam
769 967 978 1048 ‘complendam
996 968 1148 1042 sederetis,
1155 969 1214 1028 ob-

119 1066 331 1137 temperantem
350 1057 419 1128 illis,
431 1068 528 1135 utqui
519 1057 643 1116 mistis
662 1059 765 1137 stipem
780 1059 855 1120 ierat
876 1059 1020 1164 integram
1032 1059 1145 1138 patriae,
1160 1059 1213 1120 bo-

119 1167 223 1207 norare
236 1158 273 1209 et
288 1149 418 1219 laudare,
440 1159 644 1211 contumacem
666 1148 780 1229 punire.
823 1147 956 1210 Collecta
972 1149 1052 1210 enim
1071 1150 1163 1211 civilia
1183 1163 1215 1210 et

118 1223 295 1312 coinmtmis,
308 1259 346 1300 ea
365 1241 647 1319 teutonumque
643 1261 686 1302 ex
698 1242 905 1304 οοιιιιιιιιιιοιιι
918 1241 1017 1320 legum
1033 1243 1158 1321 quinque
1170 1244 1213 1302 la-

120 1330 225 1390 uimus.
245 1334 343 1396 Quam
356 1351 406 1410 qur
397 1331 552 1411 negligit,
564 1332 774 1406 Athenienses,
784 1332 877 1392 multa
886 1333 1038 1412 praeclara,
1049 1333 1213 1412 splendida,

118 1423 278 1507 magnifica
295 1423 378 1483 vobis
390 1423 486 1501 eripit,
497 1432 528 1482 et
540 1435 685 1528 quantum
701 1426 732 1483 in
752 1445 784 1486 re
802 1433 858 1498 est,
879 1423 1053 1504 pessundat.
1082 1424 1213 1492 Quorum

118 1531 212 1572 unum
223 1523 312 1593 atque
325 1513 447 1574 alterum
450 1533 534 1592 ,quoe
548 1514 702 1574 notissima
714 1515 798 1576 vobis
810 1524 890 1587 sunt,
903 1515 1026 1593 exempli
1041 1514 1137 1593 gretia
1147 1534 1214 1606 pro·

118 1605 221 1662 feram.
256 1605 345 1674 Quod
366 1615 487 1665 senatus
502 1606 739 1684 quingentorum,
760 1616 877 1685 propter
897 1607 1026 1666 infirmos
1044 1605 1117 1664 istos
1143 1625 1218 1666 can·

120 1696 224 1769 cellos,
242 1707 356 1758 secreta
375 1697 557 1757 deliberandi
577 1707 754 1777 potestatem
776 1699 876 1768 habat,
898 1709 929 1756 et
949 1697 1028 1801 vulgi
1051 1697 1214 1756 interventu

81 1829 86 1836 .
120 1806 180 1846 non
193 1791 395 1868 perturbatur:
415 1789 497 1868 qnod
509 1800 631 1850 senatus
643 1790 879 1868 Areopagiticue,
891 1808 959 1848 cnm
969 1789 999 1848 in
1009 1789 1122 1867 porticu
1135 1789 1216 1866 regie

56 1877 68 1908 ⁸
119 1879 234 1939 sedenti
246 1880 395 1941 funiculus
412 1881 590 1955 obtenditur,
603 1881 764 1959 tranquillo
777 1882 841 1942 otio
851 1891 882 1942 et
891 1879 1047 1941 solitudine
1060 1879 1174 1951 fruitur,
1185 1891 1215 1942 et

118 1990 222 2032 omnes
235 1991 253 2032 e
269 1973 368 2033 medio
381 1975 548 2034 excedunt:
566 1973 644 2052 quod
659 1974 849 2052 magistratus
862 1991 974 2045 omnes,
983 1993 1062 2053 quos
1075 1971 1095 2030 ii
1107 1983 1214 2050 gemm
1312 2003 1314 2006 ·

118 2081 137 2120 e
150 2063 230 2122 vobis
239 2064 346 2140 quibus
359 2063 403 2122 illi
415 2065 518 2124 sortito
534 2064 714 2141 obtigerunt,
728 2063 851 2124 simulac
864 2063 994 2124 minister
1006 2083 1059 2124 eos
1073 2064 1214 2142 eflredi

102 2154 158 2213 ιο
167 2172 232 2214 ιιι
252 2155 383 2233 jusserit,
397 2155 496 2231 legum
510 2165 581 2214 snut
592 2167 755 2233 compotes,
768 2175 821 2234 per
834 2175 907 2235 ques
918 2155 1074 2216 intromissi
1087 2156 1214 2228 fuerant,

119 2253 153 2318 et
164 2265 224 2305 non
237 2246 541 2325 importunissimipcr
558 2247 616 2306 rim
637 2267 669 2306 se
681 2247 837 2325 ingerunt:
859 2246 917 2306 alia
931 2255 1080 2306 sexcenta.
1106 2247 1215 2306 Omnia

90 2355 95 2362 ’
119 2335 246 2416 denique
263 2339 407 2417 praeclara
420 2348 451 2397 et
471 2350 757 2417 augusta,.perqaea
776 2329 845 2402 urbs
859 2349 890 2396 et
907 2348 1026 2396 ematur
1045 2346 1077 2395 et
1094 2327 1213 2398 otiosar-

88 2452 94 2463 ¹
118 2438 214 2503 ratur,
236 2430 360 2510 legibus-
376 2438 591 2509 acceptacula
610 2429 772 2490 referenda.
800 2429 951 2488 Modestia
973 2447 1045 2506 erga
1067 2439 1213 2507 parentes,

118 2540 191 2597 erga
203 2532 275 2581 ιιιιιι
289 2523 414 2601 majores
427 2521 633 2589 adolescentiae
642 2520 830 2593 verecundia,
843 2519 926 2593 ordo,
938 2520 1101 2599 disciplina,
1113 2519 1213 2599 legum

117 2611 300 2690 adjumento,
311 2611 424 2691 flagitia
433 2624 583 2693 superant,
593 2613 816 2692 impudentiam,
826 2612 990 2684 andaciam,
1002 2622 1212 2691 contemptum.

119 2703 197 2766 Nam
211 2704 363 2765 temerarie
375 2715 490 2765 resest
504 2706 687 2783 improbitas,
707 2714 739 2764 et
758 2698 866 2774 auda'x,
886 2714 917 2763 et
936 2704 1078 2763 violenta:
1099 2714 1213 2779 contra,

116 2795 235 2855 bonitas
248 2796 415 2874 tranquilla,
423 2806 454 2857 et
468 2796 581 2868 timida,
594 2807 626 2857 et
638 2795 734 2868 tarda,
742 2807 772 2855 et
785 2795 885 2855 damni
895 2795 1024 2874 patiens.
1046 2796 1144 2875 Leges
1158 2796 1212 2874 igi·
1294 2814 1299 2828 ⁴

117 2895 166 2948 tnr
178 2888 296 2948 tuendae
309 2897 390 2961 sunt,
407 2898 438 2948 et
454 2883 475 2947 ι’
487 2888 582 2961 vobis,
589 2887 646 2967 qui
658 2908 777 2967 quoque
790 2898 919 2967 tempore
934 2886 1047 2966 judicia
1060 2888 1213 2960 exercetis,

76 3004 80 3015 ·
116 2972 326 3039 conbrmandae
334 2981 449 3055 (baram
462 2981 539 3041 enim
559 2971 866 3060 presidio-bonisent
884 2974 1212 3059 improbis'superiores)

118 3071 165 3129 sin
175 3071 281 3143 ιιιιιιιι,
295 3071 447 3149 dissipata,
462 3072 706 3149 apertaconiusa
715 3071 901 3143 euntomnia,
913 3072 943 3129 in
952 3070 1211 3150 perditissimorum
1281 3090 1282 3104 ¹

116 3170 149 3219 et
161 3160 440 3240 improbissimorum
452 3162 559 3221 civium
572 3172 723 3240 potestate
739 3176 786 3223 ert
798 3162 972 3240 respublica.

159 3255 188 3313 7.
209 3254 298 3332 Agite
308 3273 389 3326 vero,
404 3254 492 3313 deum
506 3254 711 3324 immortalem,
730 3254 756 3313 ιι
770 3272 883 3324 omnes,
896 3253 946 3330 qui
959 3254 990 3311 in
1002 3256 1074 3311 urbe
1088 3254 1211 3331 degunt,

116 3343 325 3423 Aristogitonis
337 3356 457 3405 sumant
469 3345 624 3405 andaciam
637 3354 725 3421 atque
746 3342 968 3421 impudentiam,
989 3354 1021 3401 et
1040 3343 1082 3401 ita
1101 3346 1211 3403 ιιιιιιι

115 3456 215 3495 secum
230 3436 372 3515 cogitent,
385 3436 473 3497 licere
483 3445 514 3495 et
524 3436 625 3496 dicere
636 3446 667 3495 et
675 3436 771 3495 lacere
783 3433 959 3511 aliquamdiu
969 3434 1109 3513 quicquid
1123 3436 1212 3497 libeat

115 3528 147 3585 in
159 3527 295 3607 populari
306 3527 437 3605 imperio,
450 3538 539 3605 atque
552 3527 578 3585 ii
591 3527 642 3605 qui
659 3526 702 3585 sic
716 3523 844 3583 animum
867 3524 1042 3597 induxerint,
1064 3525 1211 3587 existima·
1333 3580 1340 3595 ,

115 3619 226 3678 donam
238 3636 322 3682 suem
336 3618 499 3697 negligant,
512 3627 543 3677 et
555 3636 640 3677 nemo
654 3617 682 3689 in
696 3616 757 3675 ulle
767 3615 894 3675 facinere
904 3615 1100 3695 deprehensos
1112 3619 1210 3679 statim

116 3709 251 3777 occidetr
278 3710 305 3769 ιι
316 3710 405 3788 igitur
416 3709 475 3769 iste
492 3709 617 3788 quisque
635 3707 756 3786 cogitet,
770 3718 800 3767 et
822 3718 899 3767 sorte
913 3726 972 3767 non
990 3708 1124 3770 delectus
1142 3732 1210 3779 cum

116 3800 244 3872 delecto,
256 3811 287 3859 et
297 3820 359 3860 aon
373 3800 546 3879 designatus
558 3819 626 3859 cum
638 3798 803 3877 designato,
821 3797 923 3859 eadem
943 3820 1007 3861 esse
1025 3801 1165 3879 dignitate
1179 3812 1210 3865 et

116 3901 261 3971 potestate
280 3892 453 3964 smdeatf
430 3912 454 3951 ιι
475 3891 600 3969 deniqne
616 3910 799 3963 consenex,
819 3910 880 3950 non
896 3891 1012 3971 juvenis
1028 3890 1122 3951 officio
1142 3892 1208 3949 sun

116 3993 215 4061 gatru,
230 3984 284 4042 sed
299 3984 378 4046 omni
398 3983 501 4043 ordine
520 3983 706 4077 repudiatae
725 3983 796 4053 rita,
818 4002 900 4043 ruam
919 3983 1042 4087 quisque
1060 3981 1208 4045 libidinem

115 4095 170 4158 pro
183 4076 261 4154 lege,
274 4095 328 4155 pro
345 4074 529 4154 magistratu,
549 4095 603 4154 pro
615 4094 730 4135 summa
742 4070 838 4135 reiurn
857 4074 985 4134 ninnium
999 4074 1115 4143 habeat,
1129 4074 1169 4134 ita
1183 4075 1207 4133 ai

115 4169 256 4227 iaciamus
258 4168 412 4245 ,nunquid
425 4167 499 4227 urbs
518 4167 606 4227 incoli
626 4186 712 4247 porro
734 4164 858 4245 poterit?
884 4162 1024 4241 Nunquid
1042 4164 1104 4223 ulla
1121 4184 1207 4243 perro
1303 4187 1308 4196 ·

116 4261 269 4339 iuturaest
277 4261 376 4338 legum
386 4256 561 4321 auctoritas?
575 4262 725 4325 Quantum
733 4268 830 4317 autern
842 4256 985 4315 violentiae
994 4267 1025 4314 et
1034 4256 1207 4329 insolentiae,

115 4362 146 4411 et
158 4352 327 4429 iniquitatis,
341 4360 373 4409 et
392 4351 586 4411 conviciomm
602 4351 733 4428 quotidie
753 4350 816 4409 iore
828 4348 947 4425 putatis,
967 4346 1033 4405 loco
1056 4348 1119 4425 ejus
1140 4369 1206 4427 quae
1304 4411 1309 4420 ,

116 4462 195 4523 nunc
209 4455 265 4518 eat,
279 4442 499 4529 tranquillitatis
511 4453 542 4503 et
557 4440 741 4529 disciplina?
763 4441 803 4501 Et
817 4458 956 4527 quorsum
976 4439 1072 4501 dicere
1092 4442 1207 4515 attinet,
