2934 5000
249 290 316 355 388¹
376 296 383 305 '
539 296 707 359 CONTRA
728 288 1065 355 calomentum.

154 506 169 515 ,
250 446 278 506 ei
291 447 519 511 venire'onncst
530 450 685 529 integrum,
699 468 766 509 eum
785 446 918 526 neglexit
929 446 968 515 is,
984 444 1035 523 qni
1058 438 1260 519 lroec'singuls
1272 433 1374 498 erili»

253 540 343 613 norit,
358 556 451 619 neque
461 552 614 621 propterea
623 543 704 621 quod
713 542 794 620 prius
811 540 900 599 etiam
912 537 971 596 tole
984 536 1057 613 quid
1069 532 1242 612 designarit,
1256 530 1367 590 simile

255 630 365 693 crimen
380 633 410 691 in
424 645 459 693 to
471 635 542 693 sotis
555 653 621 693 csse
635 634 789 712 probatum
809 630 943 689 censuit:
965 628 1092 687 sedocm
1106 625 1249 684 rationem
1272 624 1367 680 inre·

209 720 215 729 ¹
255 720 309 791 ”ils
323 742 381 800 quc
403 732 435 783 et
457 724 557 802 pietali
577 725 753 792 consuleret,
766 720 891 780 ctillum
911 738 966 788 nec
989 714 1372 790 defensioncnecjudicio

255 811 392 888 privaret
434 814 514 883 Quid
523 814 612 893 igitur
621 812 710 875 fecit?
750 803 1196 885 Iudicesilloudtloxit,quoilli
1208 805 1367 864 accedere

258 901 392 978 leserat,
406 904 560 984 designsto
576 905 705 984 quodem
728 902 855 981 regionis
875 914 984 963 noetroe
1005 898 1149 959 maritirno
1161 897 1239 969 loco,
1252 896 1309 974 qui
1323 894 1366 953 ed

133 986 138 995 ’
259 996 430 1057 Phrcnttum
442 996 616 1077 nppelletur.
657 994 740 1067 Post,
753 994 801 1053 ille
818 1011 894 1052 nnuc
907 990 1064 1062 accedens,
1075 990 1166 1047 verbe
1183 987 1267 1057 lacit,
1280 998 1374 1045 term

258 1106 319 1147 non
332 1096 487 1147 mutuetur
512 1087 555 1147 illi
565 1088 595 1147 in
604 1096 682 1147 torre
691 1084 894 1145 auscultantet
906 1082 1052 1162 judicent.
1093 1078 1221 1145 Quodsi
1233 1079 1366 1137 convin-

260 1178 346 1249 citur,
359 1196 459 1257 poenus
470 1177 526 1239 luit
538 1178 614 1239 coetli
627 1175 799 1237 voluntario
811 1174 998 1235 constitutus.
1038 1172 1134 1250 quue
1150 1170 1270 1231 merito.
1311 1170 1376 1227 Sim

262 1268 431 1339 absolvitur,
444 1268 588 1329 indemnis
605 1268 723 1347 quidem
737 1268 800 1348 ejus
811 1266 939 1339 criminis
952 1264 1024 1334 obit,
1038 1262 1093 1323 sed
1105 1261 1239 1321 exsilium
1249 1262 1291 1319 ob
1305 1262 1372 1338 pri-

262 1378 344 1419 orem
365 1358 477 1419 endem
496 1359 638 1421 indictum
666 1358 802 1418 sustinet.
842 1359 910 1422 Qut
932 1354 1022 1435 igitur
1040 1354 1137 1432 gretia
1156 1364 1241 1411 tento
1261 1352 1376 1411 studio

264 1458 391 1511 tructas
412 1461 483 1510 sunt
505 1450 570 1511 hec
591 1448 710 1511 omnini
762 1450 846 1510 Poris
871 1447 1028 1526 impietatis
1050 1445 1156 1505 lterum
1174 1442 1368 1506 memnon

266 1550 369 1603 auctor
377 1560 442 1603 csse
453 1541 577 1614 censuit,
587 1542 634 1603 vel
647 1542 686 1601 sd
699 1542 830 1601 iocinore
840 1540 1006 1610 connivere,
1019 1537 1067 1597 vel
1080 1537 1224 1597 insontem
1238 1536 1372 1615 proscri-

265 1635 346 1695 bere.
387 1634 540 1696 Enimvero
553 1634 579 1694 si
593 1634 706 1694 tuntum
717 1633 847 1693 studium
859 1630 1023 1699 adhibetur,
1037 1642 1072 1687 ut
1083 1628 1114 1687 bi
1124 1630 1175 1707 qui
1190 1628 1256 1707 jem
1272 1627 1371 1687 bomi-

268 1722 477 1803 cidoejudiccli
490 1734 571 1797 suut,
584 1724 805 1785 discriminibus
825 1734 894 1803 post
914 1722 1037 1802 objectis
1058 1740 1092 1781 ss
1112 1740 1251 1799 purgone,
1265 1722 1371 1781 venire

267 1814 463 1893 injudicium,
476 1826 507 1875 ct
523 1834 639 1876 omnem
657 1816 823 1895 equitatem
840 1813 982 1892 consequi
999 1812 1130 1893 possint:
1150 1812 1373 1891 iniquissimum

210 1912 216 1926 “
268 1904 402 1983 profecto
414 1905 510 1978 luerit,
524 1907 562 1965 de
575 1906 707 1966 nondum
720 1906 867 1975 couricto,
880 1926 912 1965 rc
932 1904 1065 1975 nondum
1085 1904 1247 1982 explorato,
1268 1913 1371 1962 utrum

269 1994 447 2068 leceritncc
461 2015 513 2070 ne,
523 1998 592 2057 item
613 2008 710 2057 utrum
732 1998 843 2057 iuribus
865 2017 906 2057 nn
917 1998 1021 2057 volens
1038 1997 1149 2069 lecerit,
1160 1995 1302 2069 scribere,
1315 1995 1371 2055 ‹lc-

273 2086 404 2149 dcndum
414 2107 481 2148 sum
490 2104 556 2149 este
569 2088 787 2174 mejudicium
799 2090 870 2169 ipsis
882 2086 1116 2155 accusatoribus,

313 2183 365 2241 20.
385 2181 478 2241 Sexte
494 2200 582 2261 pmro
603 2182 770 2243 ulciscendi
789 2184 863 2243 rutio
883 2194 984 2254 restat,
997 2192 1103 2261 preter
1114 2181 1300 2258 becomes,
1310 2200 1371 2258 qua

272 2272 375 2333 itidem
386 2274 542 2353 proterite,
558 2274 708 2335 decretum
717 2275 776 2335 lroc
792 2274 908 2353 scripsit
920 2274 987 2334 iste.
1027 2272 1134 2349 Siquis
1146 2273 1212 2331 hoec
1223 2273 1370 2350 ignoravit

274 2366 383 2442 omniu,
397 2364 423 2445 si
431 2366 676 2445 temporequibus
689 2366 755 2425 hoec
769 2365 886 2443 singulo
898 2363 1035 2423 iaciendo
1046 2363 1181 2434 fuissent,
1193 2365 1372 2441 pmtcriere,

276 2454 301 2515 si
311 2454 369 2516 elia
380 2456 519 2536 quopiam
529 2456 568 2518 tle
581 2476 676 2518 conss
688 2456 741 2518 tuli
753 2457 841 2517 modo
847 2474 940 2517 cuum
956 2456 1006 2534 jus
1021 2454 1154 2535 persequi
1174 2476 1235 2514 non
1247 2456 1323 2526 vult,
1340 2470 1370 2515 et

276 2545 453 2606 homicidum
474 2556 536 2606 tum
559 2547 590 2607 in
613 2547 742 2628 templis,
755 2558 820 2608 tum
841 2566 893 2626 per
912 2546 1009 2608 sunm
1029 2546 1267 2606 obambulantem
1283 2547 1370 2616 videt,

277 2637 385 2698 ducere
397 2639 479 2698 illurn
493 2639 562 2700 licet
574 2639 604 2698 in
617 2659 775 2709 carcerem,
784 2659 846 2699 nors
859 2637 989 2710 domum,
996 2656 1057 2698 nec
1067 2657 1127 2716 quo
1136 2638 1243 2715 cuique
1257 2639 1370 2698 libitum

278 2741 334 2803 cst,
347 2729 379 2790 id
392 2730 474 2808 quod
486 2741 518 2790 tu
533 2731 718 2792 concessisti.
758 2731 860 2808 quue
882 2730 1044 2808 conjectus,
1059 2740 1127 2788 cute
1148 2729 1238 2792 latum
1252 2742 1371 2792 senten

279 2820 360 2892 tiam,
374 2819 446 2880 nihil
468 2821 585 2880 omniuo
604 2823 741 2901 potietur,
755 2823 906 2882 convictus
925 2821 1043 2900 quidem
1064 2831 1157 2880 morte
1177 2821 1371 2894 mulctabitur,

279 2909 335 2972 sed
358 2910 383 2969 si
405 2921 557 2972 cccusttor
571 2912 703 2990 quintum
723 2911 926 2990 suffragiorum
945 2923 1058 2991 partem
1077 2930 1138 2972 non
1161 2913 1274 2986 tulerit,
1293 2915 1372 2974 mille

281 3001 436 3063 drtchmes
449 3001 511 3081 ipse
525 3005 644 3084 insuper
656 3005 762 3066 solvet.
803 3007 846 3064 At
858 3025 918 3065 non
931 3005 988 3064 hoc
1002 3003 1091 3064 modo
1112 3006 1169 3064 istc
1181 3004 1306 3083 scripsit,
1320 3007 1373 3066 sed

280 3103 312 3152 et
323 3093 470 3154 insontem
483 3094 705 3168 criminandum,
719 3108 750 3156 et
773 3097 972 3164 indemnatum
994 3096 1092 3156 stetim
1116 3095 1285 3156 dedendum
1297 3118 1373 3160 csse.

282 3183 372 3254 Quod
385 3185 410 3245 ti
423 3185 487 3262 quis
500 3185 660 3260 hominum,
673 3198 724 3248 aut
737 3197 801 3247 tota
811 3188 900 3251 etism
911 3186 1013 3247 civitas
1028 3198 1074 3246 tot
1084 3185 1200 3264 legibus
1213 3198 1246 3246 ct
1256 3188 1372 3248 institu·

281 3278 321 3342 us
335 3293 411 3339 ome
424 3277 599 3338 enumeratis
615 3299 653 3340 nc
667 3279 863 3351 destruuntur,
876 3298 942 3356 quse
959 3288 992 3337 et
1004 3288 1124 3337 ostense
1136 3278 1282 3347 divinitus,
1295 3292 1326 3338 ct
1338 3283 1374 3340 ab

283 3371 364 3430 omni
376 3389 439 3432 oevo
450 3389 469 3430 c
481 3369 653 3432 mortalibus
666 3380 807 3449 usurpate
819 3371 947 3442 fuerunt,
956 3370 1125 3449 opituletur,
1139 3383 1248 3430 etcum
1262 3371 1313 3449 qui
1323 3391 1373 3450 per
1415 3378 1418 3383 '

282 3461 416 3540 injurium
428 3472 461 3520 et
477 3472 580 3522 contro
600 3462 699 3540 legum
713 3461 868 3522 interdictu
879 3461 1012 3534 violetur,
1025 3462 1137 3540 eripiet,
1151 3462 1309 3522 loederibus
1323 3484 1372 3522 ex-

283 3553 399 3614 clusum
411 3570 478 3612 csse
492 3555 617 3632 scripsit,
632 3553 741 3620 elbuic
753 3565 896 3632 pretereo
906 3573 1001 3631 neque
1014 3553 1207 3621 defensionis,
1222 3573 1315 3632 neque
1324 3553 1372 3631 ju·

283 3643 353 3704 dicii
366 3642 481 3720 cupium
489 3643 568 3713 lecit,
578 3643 630 3704 sed
639 3655 669 3703 et
680 3644 760 3712 hunc
769 3645 865 3704 statim
878 3644 941 3704 sinc
949 3644 1062 3723 judicio
1072 3645 1164 3722 punit.
1204 3645 1293 3710 Quod
1307 3663 1372 3704 nam

283 3737 436 3796 decretum
448 3733 505 3794 isto
513 3733 661 3794 crudelius
670 3747 723 3795 sut
735 3735 862 3814 iniquius
870 3735 1031 3814 excogitari
1044 3735 1157 3814 queat?
1252 3757 1259 3766 ·

325 3829 375 3887 212
397 3825 452 3884 Est
472 3843 511 3886 nc
525 3825 623 3886 udhuc
646 3827 730 3888 uobis
752 3827 851 3907 aliqua
869 3827 917 3888 les
936 3825 1070 3906 reliquel
1092 3827 1176 3888 Heus
1194 3837 1227 3888 tu
1242 3827 1377 3888 ostende.

285 3919 390 3985 Recito
401 3917 487 3982 bunc.

793 4111 881 4173 LEX.

318 4251 346 4324 Si
354 4249 409 4314 quis
420 4249 521 4303 riolcurt
538 4257 612 4298 morte
628 4249 773 4305 occubuerit,
783 4249 807 4298 in
818 4253 868 4312 eius
880 4252 989 4300 ultionem
1003 4247 1139 4299 necesariis
1149 4264 1246 4316 corpor·
1257 4253 1374 4316 pignerum

285 4325 449 4382 lietwinum
458 4333 499 4372 set
509 4325 582 4372 ecelis
592 4339 684 4373 causum
701 4325 805 4373 dixerint
814 4333 855 4374 sut
864 4328 992 4375 bomiulrlts
1005 4328 1150 4378 dediderim:
1166 4329 1288 4392 espieriis
1302 4339 1376 4379 sulen

286 4412 411 4464 σηοω
422 4399 558 4463 pimus·
568 4403 598 4452 ul
609 4401 702 4451 unim
713 4409 788 4474 usque
797 4404 1051 4466 patremmeum
1060 4405 1198 4458 ducac,
