2934 5000
495 277 557 376 ¹.
664 325 710 385 m
730 321 935 386 senonen
1037 369 1041 374 .

257 597 265 633 ³
359 681 363 686 ,
492 601 769 667 enovocmm.
783 601 1097 665 ‘resrmoumm

212 764 217 776 “
254 752 352 816 Teon
368 751 456 830 igitur
463 751 533 830 jura
554 750 608 810 iste
621 757 783 820 aversatus,
798 756 829 808 ot
846 756 892 806 tot
911 746 1003 826 signis
1014 747 1170 808 momnis
1183 735 1367 820 c‘onviems,

256 844 319 905 suis
331 844 455 902 testibus
475 841 585 902 babere
595 841 687 902 fidem
700 846 753 899 ¹vos
766 837 905 918 postulat,
918 857 1001 899 ineos
1014 857 1084 898 vero
1103 839 1307 900 calumniosus
1330 843 1385 899 et'

256 954 325 996 rem
336 934 449 998 dixisse
457 943 562 1012 negat
799 979 803 988 .

297 1030 327 1086 7.
347 1025 513 1104 Disputsbo
525 1034 635 1096 autem,
651 1025 765 1084 etiamsi
777 1025 839 1085 reri
854 1023 1015 1084 similitudo
1032 1031 1199 1103 speeiem,
1212 1025 1365 1102 quidm

257 1118 296 1180 de
312 1119 354 1179 eis
376 1118 475 1178 sentiri
498 1117 664 1179 conveniat.
705 1117 785 1176 luter
806 1133 858 1176 ros
878 1126 1135 1176 omnesrnonsnre
1151 1116 1227 1188 seio,
1240 1135 1298 1176 eos
1311 1119 1367 1196 qni

257 1211 365 1272 tusum
376 1210 574 1271 testimouium
587 1208 700 1292 dipem,
719 1219 771 1268 aut
791 1209 829 1268 ob
848 1209 975 1288 inopiam
988 1208 1189 1286 largitionibus
1204 1223 1367 1290 oorrnpsos

204 1359 209 1364 .
259 1314 311 1365 sut
331 1313 449 1383 propter
473 1299 659 1364 sodalitatem
680 1311 733 1359 eut
754 1301 842 1361 etiem
861 1302 928 1361 odio
949 1301 1180 1362 aduersariorum
1196 1302 1366 1376 adductos,

260 1395 340 1457 atali
352 1395 480 1456 facinore
492 1413 553 1454 non
566 1393 731 1453 abhorrere.
772 1393 944 1473 eapropter
957 1393 1060 1454 berum
1074 1413 1169 1454 rerum
1180 1395 1367 1475 nnllmpro
1446 1411 1447 1418 ¹

258 1507 309 1550 tue
323 1485 629 1564 dieereteetimonium
642 1495 811 1564 potuerunt,
824 1503 919 1564 neque
934 1486 1011 1546 enirn
1025 1485 1194 1566 sodalitates
1215 1486 1278 1547 illis
1301 1507 1367 1546 me·

261 1599 329 1640 oum
349 1577 606 1640 intercedunt-id
630 1576 708 1638 enim
730 1579 782 1656 qui
803 1577 906 1636 fieret?
930 1596 998 1636 oum
1011 1579 1111 1638 necin
1130 1579 1236 1638 iisdem
1256 1579 1368 1640 studiis

262 1670 379 1742 uersati,
390 1679 421 1730 et
440 1690 541 1730 eorum
563 1669 683 1750 quidam
706 1688 766 1729 non
787 1669 875 1728 modo
891 1669 959 1741 mei,
980 1669 1092 1728 sedne
1105 1670 1366 1750 intermontium

262 1763 393 1841 aequales
405 1763 515 1839 siut-,
537 1781 593 1823 neo
613 1761 665 1821 isti
679 1771 748 1821 sunt
768 1759 983 1822 inimici-nam
1000 1770 1030 1822 et
1042 1760 1101 1822 boo
1118 1761 1255 1822 comt:
1286 1783 1366 1824 unns

246 1854 339 1929 enirn
360 1855 450 1914 irater
471 1855 535 1934 ejus
559 1864 607 1913 est
630 1864 660 1913 et
681 1853 852 1922 advocatus,
868 1853 990 1916 Phenus
1010 1854 1160 1914 familiaris
1178 1867 1212 1915 et
1231 1857 1366 1929 bibulis,

263 1947 416 2026 Phiiippus
436 1967 493 2007 neo
516 1945 871 2006 amicusueoinimieus:
890 1965 1061 2024 quotenne
1081 1947 1138 2009 boo
1162 1947 1278 2008 almeo
1296 1949 1366 2028 jure

263 2041 417 2117 quisquam
441 2040 484 2098 eis
508 2039 711 2116 impegerit—‚
723 2058 820 2116 neque
839 2037 926 2098 etiam
946 2050 1118 2118 paupertate
1135 2041 1286 2104 adductos
1298 2059 1367 2101 esse

253 2129 418 2209 ¹quisquam
439 2129 652 2189 dixerit-cum
670 2139 768 2190 tantm
782 2149 854 2209 opes
873 2131 1003 2192 habeant
1021 2151 1130 2204 omnes,
1143 2143 1177 2192 ut
1189 2141 1221 2192 et
1243 2153 1368 2193 munem

264 2221 347 2281 vobis
369 2222 504 2282 alacriter
524 2223 633 2281 obeant
650 2233 681 2280 et
702 2231 825 2301 pareant
849 2221 874 2282 si
891 2221 962 2299 quid
975 2223 1147 2302 impemtum
1161 2223 1203 2284 eis
1222 2225 1368 2298 suerit-,

265 2323 408 2393 praeterea
427 2333 484 2374 neo
506 2314 599 2394 ignoti
612 2313 695 2373 vobis
714 2333 771 2374 nec
788 2313 818 2371 in
840 2311 1011 2374 deteriorem
1031 2327 1144 2392 partem
1157 2314 1268 2394 cogniti
1284 2327 1367 2386 suut,

261 2405 320 2464 sed
335 2406 476 2466 moderati
492 2406 626 2466 homines
644 2404 799 2465 habentur.
840 2404 932 2483 Atqui
953 2405 978 2464 ei
996 2425 1049 2464 neo
1067 2407 1180 2485 inopes,
1201 2425 1258 2466 nee
1277 2407 1367 2467 istius

266 2496 384 2570 inimici,
406 2517 465 2560 neo
478 2496 574 2557 amici
595 2497 752 2567 meisunt,
768 2496 818 2576 qui
842 2497 981 2558 mevenit
1004 2497 1157 2576 suspirari,
1181 2497 1293 2559 falsum
1313 2516 1365 2560 eos

264 2589 380 2651 dixisse
389 2590 609 2652 testimoniuml
631 2590 696 2668 Ego
710 2589 829 2668 quidem
840 2608 899 2649 noo
911 2589 1009 2649 video.
1151 2580 1153 2584 ’

266 2716 272 2733 «
307 2684 339 2741 8.
360 2682 618 2762 Qumqnanquam
627 2681 685 2739 iste
699 2681 821 2752 sciebat,
834 2692 865 2740 et
876 2680 1008 2741 omnium
1018 2682 1127 2760 optime
1136 2694 1223 2743 norat
1235 2703 1366 2745 eosvera

267 2773 389 2849 dixisse,
400 2786 500 2835 minen
513 2774 720 2843 calumniatur,
732 2790 768 2831 eo
778 2792 839 2831 non
851 2772 941 2831 modo
951 2792 983 2832 se
996 2771 1179 2833 benedixisse
1187 2787 1290 2853 negat,
1299 2796 1366 2855 quas

268 2871 307 2929 ab
320 2887 358 2930 eo
370 2866 451 2951 diota
464 2883 602 2941 essequo
613 2874 702 2941 paeto
719 2863 815 2940 magis
828 2864 945 2923 ostendi
963 2864 1069 2941 questi
1090 2865 1251 2925 sedetiam
1269 2868 1365 2928 bomi-

267 2978 336 3018 nem
358 2956 478 3021 omnino
500 2973 566 3013 esse
584 2972 700 3012 serrum
720 2954 855 3015 affirmat.
897 2956 973 3016 Volo
998 2964 1096 3017 auteur
1109 2960 1366 3035 pauoedmtmt

268 3048 367 3111 dieses
380 3046 488 3106 adhoc
500 3063 616 3124 quoque
628 3044 812 3105 mendacium
824 3049 888 3125 ejus
902 3048 1099 3111 refutandum.
1132 3050 1218 3130 Ego,
1229 3052 1366 3127 Minas,

268 3134 357 3203 etiam
376 3146 498 3219 propter
518 3136 584 3195 brec
603 3136 635 3195 in
650 3138 846 3216 questionem
866 3140 894 3199 ei
914 3140 1025 3201 dedere
1038 3142 1165 3205 ancillas
1186 3144 1278 3219 uolui,
1291 3166 1367 3226 oue

268 3243 353 3314 patre
367 3230 507 3293 moriente
528 3247 595 3289 enm
615 3230 825 3290 manumissum
847 3251 882 3291 ao
903 3242 965 3291 tum
983 3226 1367 3301 luisselibemmmemins'·

268 3336 349 3387 runt
385 3323 532 3384 Praeterea
544 3341 613 3382 mea
624 3332 716 3382 mater
727 3323 817 3383 fidem
831 3324 927 3385 faeere
936 3324 1039 3397 voluit,
1046 3336 1079 3386 et
1090 3326 1122 3385 ni
1132 3329 1176 3387 ita
1184 3339 1265 3388 esset
1277 3349 1328 3391 me
1338 3342 1367 3391 et
1448 3346 1449 3399 ξ

271 3436 399 3479 sororem
420 3415 589 3495 productos,
602 3434 678 3493 quos
691 3416 795 3475 unicos
806 3416 919 3477 liberos
932 3416 1029 3489 babet,
1043 3428 1163 3497 pnopter
1179 3438 1256 3498 qnos
1276 3423 1367 3485 vidua
1448 3460 1449 3463 =

270 3511 360 3569 vitam
372 3509 526 3585 transegit,
533 3507 693 3579 devovere,
706 3517 819 3585 epatre
829 3510 968 3571 morituro
981 3509 1128 3572 hominem
1137 3510 1215 3571 bunc
1228 3515 1366 3575 Qum

271 3614 337 3659 esse
349 3618 448 3669 manu,
462 3608 550 3675 atque
562 3598 708 3677 apudnos
716 3599 816 3659 baberi
830 3620 883 3679 pro
892 3602 1004 3661 libero:
1024 3620 1121 3681 neque
1130 3606 1365 3684 veroquisquam

272 3699 356 3771 putet
368 3708 433 3748 eam
447 3689 481 3747 in
499 3698 601 3749 nostra
616 3690 716 3769 capita
730 3691 936 3771 haeosuoqnam
946 3693 1046 3773 jurare
1059 3694 1199 3767 votuisse,
1210 3696 1317 3757 nisiae
1332 3698 1365 3757 id

271 3781 383 3862 liquido
404 3781 548 3841 facturam
560 3781 753 3859 intelligeret.
802 3783 846 3853 Ut
865 3793 962 3845 eutem
980 3790 1100 3845 oonstet
1113 3806 1163 3846 me
1174 3792 1247 3847 usis
1258 3786 1366 3861 dioere,

273 3866 385 3954 uosque
397 3874 463 3935 bseo
476 3872 572 3935 iecere
585 3872 677 3933 luisse
689 3884 821 3954 paratos,
834 3876 1021 3951 rosellarum
1033 3896 1132 3941 rerum
1142 3887 1247 3941 testes.

739 4096 899 4159 TESTES.
948 4090 950 4097 ’

196 4257 200 4265 ·
315 4236 345 4293 9.
366 4234 442 4298 Cum
455 4237 544 4316 igitur
555 4256 610 4297 nos
622 4249 668 4299 tot
676 4239 774 4320 justas
788 4242 914 4301 rationes
928 4241 1030 4303 afferre
1040 4208 1186 4320 queamus
1193 4224 1226 4301 et
1234 4240 1273 4301 ad
1286 4260 1367 4319 erge-

193 4406 196 4414 *
275 4337 376 4386 menta
395 4330 521 4389 nomime
535 4332 678 4409 pmbaodi
698 4332 853 4395 testimonii
867 4334 1025 4415 confugere
1039 4334 1226 4404 voluerimus,
1247 4332 1301 4395 iste
1322 4332 1365 4393 bis
