2934 5000
226 270 230 275 ’
266 304 353 383 επ,
551 284 724 369 conrii
747 280 1089 367 sntsnocnnrsu.

266 474 336 517 suro
348 468 409 519 uu'n
423 452 562 519 deessent
571 458 720 537 conspirua
729 458 866 531 «lunda
876 460 907 519 io
916 460 1019 537 qusesi
1033 458 1098 539 quis
1107 458 1266 529 intuentur,
1275 460 1380 538 nugis

136 617 142 627 1
266 548 348 609 iilum
363 549 578 609 formidandum
592 560 688 627 potet,
702 569 792 625 quun
814 549 871 609 huc
885 547 1068 627 cogitetiune
1087 550 1325 619 concedendum,
1340 560 1378 607 ut

266 639 330 717 ejus
345 659 415 719 opes
435 649 607 718 augeantur.
635 640 672 699 ld
685 641 780 698 solnm
797 650 909 711 tomen,
929 639 1009 718 qood
1028 642 1059 699 in
1082 652 1220 719 promptu
1241 642 1375 699 maxime

268 730 339 791 mihi
347 741 403 800 est,
413 730 518 807 dicem.
540 730 643 791 Nostis
655 728 755 809 utique
768 730 946 809 Philippum,
954 731 1160 803 Athenienses,
1172 730 1375 793 Macedonem

265 820 365 907 istum,
378 822 426 881 cui
440 821 574 881 nimirum
588 822 682 881 multo
694 822 789 898 magis
805 820 984 901 expedieint
1001 824 1088 881 totius
1102 822 1288 882 Macedonica
1301 823 1374 880 red·

267 914 327 973 itus
347 934 450 975 secure
465 914 624 993 percipere,
639 932 726 991 quum
747 933 816 973 cum
829 911 965 991 periculis
979 910 1255 992 Amphipolitanos:
1275 914 1377 990 magis

267 1025 355 1084 porro
368 1024 386 1065 e
399 1026 429 1066 re
438 1006 502 1084 ejus
516 1006 630 1084 fuisset,
640 1004 798 1065 amicitiam
811 1016 947 1076 ventrem,
957 1024 1046 1084 qoem
1060 1016 1181 1085 epatre,
1195 1024 1249 1084 per
1261 1024 1372 1063 suenus

267 1098 406 1158 traditam
425 1108 588 1175 acceperut,
602 1098 687 1169 tueri,
704 1117 793 1176 queso
812 1096 1031 1171 Thessalorum,
1043 1116 1063 1157 s
1080 1100 1187 1176 quiinrs
1200 1107 1287 1175 puter
1304 1102 1370 1171 ejus

266 1190 587 1269 segnopuisust‘uerst,
598 1188 895 1251 ambiresocietatern.
916 1186 1268 1269 Numpmortoc-,ittnd
1277 1188 1367 1249 worn

266 1283 365 1342 videre
378 1292 443 1343 est:
463 1302 518 1341 vos
533 1300 694 1361 nunquam,
709 1280 916 1350 Athenienses,
929 1280 1020 1339 ullum
1041 1281 1167 1341 smieotn
1186 1282 1368 1349 (immissis,

267 1372 401 1433 Thessali
409 1372 553 1433 nemiuem
567 1392 695 1452 unquam
711 1384 880 1432 constanter
892 1372 1098 1434 defenderunt.
1131 1377 1208 1441 Quo
1218 1394 1310 1452 quous
1324 1376 1366 1432 itu

268 1464 337 1536 sint,
351 1484 442 1543 parva
456 1465 662 1533 emolumenta,
676 1473 707 1522 et
720 1456 848 1523 incertos
860 1465 981 1536 anricus,
992 1474 1024 1523 et
1036 1465 1166 1543 periculo
1177 1466 1284 1525 ridetis
1295 1484 1365 1523 eom

265 1556 335 1619 vitre
355 1554 506 1615 securitati
524 1554 700 1633 protulisse.
734 1556 812 1621 Quae
823 1554 916 1614 causa
928 1550 1048 1633 tondem
1067 1558 1136 1615 est?
1163 1556 1269 1634 Neque
1286 1558 1366 1615 enim

265 1648 354 1727 hujus
366 1649 436 1709 fecti
449 1648 522 1715 tutio
535 1648 576 1707 its
588 1657 634 1706 est
645 1647 674 1705 iu
688 1656 835 1727 promptu.
857 1646 972 1718 Dicam,
986 1647 1191 1721 Athenienses.
1218 1650 1297 1707 Corn
1310 1648 1366 1706 ho·

265 1740 391 1801 minibus
405 1742 491 1800 bone
504 1740 564 1798 sint
573 1737 640 1797 done
651 1758 709 1809 res,
723 1739 815 1799 altera
823 1739 958 1818 princepe
971 1732 1157 1818 meximeque
1168 1740 1298 1800 omnious
1318 1741 1363 1799 se·

264 1832 372 1903 licitas,
389 1832 491 1899 ultera,
506 1842 538 1889 ut
552 1830 609 1889 huc
623 1830 726 1898 minor,
747 1830 790 1889 sic
808 1830 884 1890 iuter
902 1842 1017 1891 ceteras
1037 1850 1161 1904 summu,
1179 1832 1294 1890 consilii
1311 1850 1362 1890 ca·

263 1922 363 2003 piendi
375 1921 541 2000 prudentia,
560 1938 620 1979 nnn
640 1919 727 1978 simui
748 1921 894 1999 contingit
907 1922 1059 2000 utriunque
1081 1922 1233 2001 possessio
1251 1933 1364 1981 murts·

191 2084 194 2091 ,
263 2014 362 2081 libosr
383 2032 479 2090 oeque
493 2011 647 2090 quisquam
660 2010 730 2071 ielis
744 2011 898 2071 terminum
919 2025 971 2073 aot
986 2014 1074 2073 tinem
1088 2014 1180 2087 ulium
1193 2014 1363 2075 habetinfi-
1463 2067 1464 2072 ,

263 2105 334 2165 nite
344 2102 545 2183 cogendarum
559 2120 648 2181 upum
662 2100 840 2180 cupiditatis.
861 2102 990 2163 Proinde
999 2104 1084 2164 multi
1096 2106 1238 2184 majorum
1248 2104 1362 2163 emolu·

264 2205 429 2261 mentorum
449 2194 592 2255 &siderio
613 2194 747 2253 fortunas
766 2212 835 2253 suas
848 2194 1018 2255 emiserunt.
1037 2196 1077 2255 Et
1094 2197 1166 2274 quid
1179 2214 1303 2265 necesse
1316 2206 1363 2255 est

265 2290 303 2349 de
317 2288 452 2367 Philippo
472 2286 579 2358 dicere,
593 2298 644 2347 aut
659 2284 715 2345 ulio
729 2286 887 2365 quupiumi
909 2288 985 2346 Com
1006 2289 1069 2367 ipse
1091 2290 1184 2368 Cotys
1203 2290 1361 2349 Cersobie·
1463 2277 1464 2282 ¹

263 2390 325 2459 ptus
337 2380 465 2458 potensi
477 2398 535 2463 qua
548 2378 574 2437 ei
588 2389 690 2437 exorta
702 2387 784 2437 esset
795 2377 900 2436 seditio
910 2388 963 2437 unt
975 2378 1128 2450 dissensio,
1147 2380 1240 2440 inieris
1252 2382 1292 2439 nd
1305 2402 1360 2440 nus

263 2472 379 2552 legetis,
393 2473 586 2534 nefastorum
601 2470 699 2546 omnin
711 2470 800 2548 suerit
811 2471 977 2551 pollicitosr
998 2483 1029 2532 et
1047 2483 1110 2532 turn
1124 2475 1257 2548 senserit,
1266 2480 1359 2554 'qoam

264 2567 325 2626 suis
345 2563 504 2626 rationibus
518 2574 598 2623 esset
618 2563 847 2635 incommodum,
868 2575 977 2623 nostre
993 2565 1103 2624 ciuitati
1123 2567 1220 2625 fucere
1240 2564 1358 2628 belionr.

263 2657 388 2720 Thracis
404 2649 474 2717 uero
495 2658 629 2726 subactu,
642 2657 727 2714 urbes
745 2655 904 2734 occuparit,
922 2657 1020 2715 ebrius
1039 2657 1159 2736 injurias
1175 2659 1287 2732 fecerit,
1305 2662 1358 2719 de·

165 2803 170 2806 .
263 2749 423 2810 bacchatus
436 2748 485 2824 sit,
495 2749 526 2806 iu
540 2747 637 2826 primis
649 2746 678 2804 in
687 2747 1000 2825 semetipsum,dcinde
1009 2749 1040 2806 in
1053 2767 1107 2808 nos
1121 2751 1219 2821 etium,
1229 2764 1358 2812 nostram

263 2837 404 2900 ditionem
419 2840 565 2909 invaserit,
586 2837 692 2896 iteres
711 2847 777 2897 eunt
795 2837 1028 2918 inexplicabilis:
1049 2859 1118 2900 uum
1136 2843 1162 2900 si
1181 2844 1232 2921 qui
1251 2845 1291 2902 ud
1305 2865 1360 2904 ex-

263 2932 385 3012 piendas
399 2932 523 3010 injustas
537 2931 713 3009 cupiditates
727 2950 764 2990 ea
775 2930 949 3009 suscipiunt,
960 2951 1029 3010 quaa
1041 2951 1099 2992 non
1112 2945 1240 3012 oportet,
1252 2935 1283 2995 hi
1297 2957 1359 2996 non

188 3037 191 3042 ·
262 3021 430 3083 difficillime
441 3039 566 3100 quaeque
578 3022 709 3099 cogitare
727 3021 832 3093 solent,
850 3023 903 3082 sed
922 3025 1053 3102 prosperi
1071 3043 1227 3086 succentor
1247 3029 1361 3087 emolu·

261 3123 370 3176 menta.
395 3113 460 3192 Ego
470 3132 540 3172 uero
553 3112 636 3172 subis
646 3131 681 3173 eu
694 3113 884 3173 deliberande
895 3133 1014 3198 censeo,
1026 3117 1133 3193 quibus
1145 3104 1359 3199 Cessubieptoe,

212 3255 218 3263 .
261 3207 329 3269 siin
347 3225 383 3266 en
399 3203 545 3265 sententis
561 3207 709 3280 manserit,
722 3226 783 3285 qus
800 3225 868 3264 eum
879 3225 944 3266 esse
958 3207 1054 3277 decet,
1072 3209 1155 3268 nuile
1173 3207 1359 3289 liutpertus

188 3309 193 3314 '
259 3295 383 3379 injuria:
405 3298 450 3358 sin
471 3307 578 3358 omne
591 3316 644 3356 sos
657 3297 803 3358 incessere
816 3309 947 3367 conetur,
962 3309 1067 3358 utnon
1089 3301 1129 3358 sit
1147 3305 1247 3376 major,
1264 3321 1356 3380 quam

259 3402 294 3450 nt
307 3409 374 3450 eom
387 3389 489 3449 ulcisci
503 3387 627 3468 queatis.
648 3388 759 3468 Legum
771 3398 869 3446 eutem
878 3389 961 3448 uobis
972 3389 1134 3467 epistulam,
1147 3411 1235 3469 qoam
1250 3394 1361 3472 Cotys,-

259 3481 523 3561 postMiitnuytirae
537 3481 730 3542 desectionem
744 3479 900 3550 hucmisit,
912 3491 944 3540 et
955 3481 1360 3564 qne,totoiuupnriopotitus,¹

257 3572 446 3631 Timomachn
458 3573 558 3646 missa,
572 3585 681 3634 vestm
694 3575 782 3632 urbes
795 3573 908 3630 evertit.
1196 3573 1201 3584 ’

647 3737 650 3750 '
698 3725 905 3788 EPISTOLA.

123 3867 130 3874 ·
259 3851 327 3932 linc
344 3851 520 3931 exeruplunr,
535 3851 740 3925 Athenienses,
762 3857 983 3929 considentis,
1005 3869 1038 3918 et
1059 3859 1131 3920 iliud
1153 3862 1263 3932 scians,
1280 3861 1355 3928 Phi·

159 4009 163 4018 ,
255 3944 377 4024 lippum,
388 3943 458 4004 dum
472 3943 843 4022 Amphipolim-obsidebat,
852 3949 919 4008 ideo
931 3969 965 4008 se
977 3969 1041 4008 eum
1052 3969 1223 4030 oppugnare
1231 3954 1352 4027 dixisse,

256 4047 290 4096 ut
300 4037 384 4100 vobis
393 4035 530 4108 traderet,
540 4047 693 4115 postquem
703 4049 831 4114 ceperat,
840 4041 929 4099 etium
939 4039 1102 4127 Potidoesrn
1112 4045 1193 4103 vobis
1201 4046 1352 4124 eripuisse,

181 4141 186 4152 ·
255 4125 332 4210 istnc
340 4127 377 4202 (si
385 4145 432 4186 me
440 4127 558 4204 quidem
567 4125 703 4200 audietis)
713 4128 910 4208 Certobieptae
920 4127 1007 4191 fidem
1016 4133 1171 4204 habebitis,
1179 4155 1266 4212 vam
1276 4136 1355 4213 iphi-

256 4219 506 4298 oratesEpirisitoe
517 4219 1127 4302 F·oiimuLscedsumoniisstipuiatusest.
1154 4227 1351 4298 Qneuruiuut,

226 4308 232 4318 '
255 4307 389 4372 fraudem
411 4311 442 4370 in
465 4331 496 4371 re
509 4313 645 4390 quapiam
664 4314 849 4373 nectentibus
863 4314 1106 4389 Lacedsemuniis,
1126 4317 1351 4380 ostendentibus

172 4459 176 4468 ,
255 4397 354 4460 tamen
367 4421 399 4462 se
411 4403 544 4482 quamvis
556 4403 597 4463 iiii
611 4403 698 4464 iidem
717 4404 848 4478 daturus,
862 4406 986 4482 dixisse,
1001 4427 1059 4469 non
1075 4409 1138 4473 slis
1151 4409 1209 4469 tide
1227 4410 1298 4471 deta
1316 4432 1352 4471 se
