2934 5000
428 304 598 367 cournu
618 271 937 372 rinocnarsrrt'
1158 308 1224 370 sss·
1301 297 1305 304 ’

169 463 218 518 37.
238 461 335 526 Quam
342 457 454 520 callide
468 462 659 523 autom-robla
678 477 785 522 nocere
799 459 967 532 decremrit
982 477 1080 539 operm
1098 462 1220 540 pretinm

103 567 113 580 ⁸
127 553 293 614 estaudire.
323 551 401 613 Nam
414 571 483 612 cum
496 553 609 613 rideret
620 556 699 612 omni
713 565 845 634 tempore
858 562 888 622 et
900 569 1035 632 proterea
1051 563 1081 611 et
1091 552 1221 631 plebeios

127 663 228 703 omnes
236 644 357 720 sentire,
366 644 450 722 leges
462 663 568 706 causas
578 665 645 705 esse
655 647 780 725 publicae
789 645 946 715 felicitatis,
957 663 1057 704 secum
1067 646 1222 718 meditatus
1254 712 1257 718 ¹

126 745 182 804 est,
206 736 389 812 quassatione
402 736 479 806 illas,
495 737 744 797 animadvertente
764 737 890 808 nemine,
910 736 1092 805 destrueret,
1112 737 1141 794 in
1162 753 1221 814 quo

125 825 254 886 facinore
268 831 295 886 si
316 827 591 906 deprehenderetur,
606 847 645 886 ne
667 829 880 907 tamen-inique
901 827 1150 906 autimpudeuter
1167 829 1219 886 ad-

125 918 238 978 misisse
249 919 406 996 quicquam
417 918 576 979 uideretur.
598 919 633 978 ld
645 918 733 998 igitur
745 919 969 997 facturusuuod
984 919 1063 988 lecit,
1078 919 1220 979 rationem

124 1009 236 1069 invenit
254 1029 329 1081 eam,
342 1023 377 1070 ut
389 1010 457 1088 lege
471 1011 551 1089 leges
563 1020 715 1081 everterat,
728 1021 764 1070 ut
782 1011 845 1090 ejus
867 1011 979 1090 injuria
999 1009 1132 1070 beneficii
1153 1031 1219 1090 pers
1236 1019 1237 1024 ’

125 1102 217 1161 nicies
227 1100 330 1160 salutis
339 1121 446 1160 nomen
458 1102 697 1180 adipiscerentur.
720 1102 798 1160 Nam
812 1110 844 1159 et
855 1121 921 1180 quse
931 1102 1137 1182 rempublicam
1149 1121 1220 1161 con·

125 1204 253 1263 serrant,
268 1203 338 1252 sunt
345 1193 445 1270 leges:
467 1205 498 1254 et
507 1213 595 1272 quarn
608 1195 665 1254 iste
676 1193 754 1263 tulit,
768 1209 834 1250 cum
844 1191 895 1251 -bis
909 1191 1039 1252 nulla'ex
1053 1203 1134 1270 parta
1148 1213 1219 1253 con·

36 1335 39 1340 .
125 1285 312 1357 sentientem,
324 1285 383 1343 lea.
395 1285 553 1366 :Nominis
572 1287 661 1363 igitur
676 1285 896 1356 humanitatem,
914 1295 1003 1361 quani
1021 1281 1218 1344 rosmaxime'
1262 1311 1265 1319 .

125 1376 344 1454 amplectimini,
357 1378 677 1456 perspexitzidemque
695 1376 776 1456 qnod
798 1376 826 1434 in
844 1376 1023 1454 experiundo
1045 1379 1225 1438 centrarium

125 1467 184 1528 vim
195 1478 276 1527 esset
289 1468 430 1538 habitura,
451 1469 594 1548 despexit
615 1470 680 1546 Age
693 1485 773 1538 vero,
786 1485 846 1546 per¹
858 1468 938 1538 deos,
952 1479 1036 1528 estne
1052 1469 1219 1548 val-prasus

126 1557 241 1637 aliquis,
255 1561 301 1618 rel
315 1571 434 1620 senator
446 1562 497 1639 qui
510 1561 570 1620 tale
588 1557 657 1638 quid
670 1577 800 1637 unquam
815 1559 989 1638 approbarit,
1004 1560 1103 1636 qualia
1116 1561 1143 1618 in
1166 1559 1220 1618 ista

124 1649 411 1728 lege-continentur?
432 1652 496 1728 Ego
515 1650 660 1711 neminem
673 1670 740 1710 esse
755 1661 837 1730 puto.
864 1651 899 1709 ld
915 1649 1001 1728 igitur
1013 1651 1159 1728 quomodo
1173 1663 1219 1710 est

15 1752 19 1757 “
126 1742 304 1802 suffuratus?
314 1744 393 1802 -Suis
404 1743 564 1804 sceleribus
573 1743 647 1822 legis
656 1761 762 1800 nomen
774 1745 919 1821 imposuit.
938 1742 1089 1802 -Nec'enim
1101 1744 1218 1815 stolide,
1268 1812 1275 1818 ,

126 1846 179 1894 aut
190 1845 312 1905 temere,
333 1833 388 1894 ssd
408 1835 497 1894 sobrii
511 1845 542 1894 et
561 1835 754 1912 praemeditati
770 1833 969 1894 acceduntad
984 1853 1035 1894 vos
1058 1833 1220 1904 ludendos,

125 1935 215 2004 atque
227 1927 285 1985 boc
297 1925 395 2006 ipsum
408 1935 501 2004 agunt
516 1945 579 1985 non
596 1927 644 1985 isti
662 1927 769 1993 solum,
787 1926 840 1984 sed
853 1926 979 1984 etmulti
992 1913 1220 2003 magistratuum,

125 2019 175 2096 qui
188 2035 257 2076 mox
270 2018 329 2084 huc
341 2018 487 2096 progressi
507 2017 554 2076 isti
576 2018 847 2096 patrocinabuntur,
868 2036 926 2075 non
948 2017 1061 2076 medius
1082 2017 1167 2075 lidius
1188 2024 1222 2075 ut

126 2109 286 2169 Timocrati
301 2109 519 2186 gratificentur:
545 2126 597 2167 rur
616 2105 715 2166 enim?
739 2106 800 2164 Sed
818 2108 1104 2194 quianunusquisque
1119 2109 1218 2186 legem

125 2201 234 2260 banca
246 2220 278 2259 re
291 2219 346 2259 sua
357 2199 560 2278 esse-putabit
589 2197 846 2266 Quemadmodum
869 2198 957 2277 igitur
975 2198 1023 2256 isti
1043 2211 1164 2258 mutuas
1180 2201 1219 2260 sd

125 2313 178 2353 vos
201 2292 390 2370 deripiendos
403 2291 525 2350 uadunt
540 2307 655 2368 operas,
677 2289 763 2348 sicet
781 2289 887 2348 ros-ad
905 2289 996 2360 ,vestri
1017 2289 1219 2348 defensionem

125 2385 292 2462 conspirare
304 2382 427 2442 debetis.
462 2381 588 2440 Proinde
601 2380 717 2440 cuidam
731 2379 932 2457 interroganti,
945 2381 1134 2456 quamobrem
1151 2381 1221 2439 talia

124 2474 415 2543 arribereroluisset,
431 2483 464 2533 et
484 2472 679 2552 periculosam
700 2470 787 2551 hujus
805 2469 909 2549 judicii
929 2469 1022 2531 aleam
1044 2471 1099 2531 sibi
1112 2471 1220 2543 uideri,

124 2567 361 2627 commemorasti
385 2566 547 2644 respondit,
569 2564 692 2623 delirare
709 2583 790 2634 eum,
811 2563 861 2640 qui
881 2562 1079 2622 illaadicereta
1097 2582 1129 2623 se
1142 2566 1219 2623 eninr

124 2659 334 2719 Androtionem
344 2658 530 2720 defensorem
540 2656 716 2725 habitururn,
728 2666 816 2733 atque
826 2674 878 2734 per
888 2655 979 2713 mum
986 2654 1065 2715 tales
1075 2657 1221 2728 orationes

124 2752 271 2813 iuvenisse·
283 2746 323 2811 de
336 2752 421 2811 rebus
428 2750 582 2819 omuibus,
595 2759 628 2807 ut
645 2747 718 2806 satis
732 2748 829 2817 sciret,
844 2747 986 2806 audonem
1000 2746 1145 2807 hanc.sibi
1166 2750 1219 2807 mis

124 2845 203 2902 nime
213 2843 311 2911 fraudi
321 2843 461 2902 futurum.
483 2842 589 2919 ltaque
602 2840 726 2899 mirabar
746 2837 954 2917 impudentiam
968 2840 1029 2898 tuin
1043 2838 1143 2909 istius,
1157 2851 1219 2898 turn
1267 2882 1269 2887 ,

123 2935 219 2995 illius:
240 2935 378 3004 etiami
401 2933 552 3003 arceant
568 2950 646 3003 eum,
659 2930 750 3002 illius,
764 2929 789 2989 ai
802 2930 1104 3001 uocatus’accesserit,
1119 2941 1150 2989 et
1167 2931 1220 2991 de*
1252 2966 1256 2972 -
1331 2926 1340 2939 ”

125 3027 237 3087 tendet.
266 3025 396 3089 Numen
413 3025 561 3103 sepalam
573 3022 736 3102 apparebit,
754 3020 850 3100 legem
864 3021 950 3081 istam
963 3022 993 3081 in
1008 3022 1070 3101 ejus
1090 3042 1219 3083 commo·
1297 3100 1303 3115 ,

85 3152 92 3172 ι
125 3118 198 3178 dum
205 3136 273 3190 esse
286 3116 388 3184 latam
402 3132 463 3175 non
475 3124 595 3193 propter
608 3114 715 3175 cisium
728 3112 978 3173 communitatem.
1097 3134 1100 3141 ·

167 3210 218 3267 38.
241 3206 421 3267 Praestiterit
433 3215 533 3265 mmeu
546 3224 599 3264 vos
620 3206 659 3264 de
680 3204 756 3263 illius
773 3205 843 3265 actis
864 3205 894 3263 in
912 3204 1064 3282 republica
1085 3192 1220 3283 quadarn

94 3295 103 3311 ⁸
125 3299 255 3371 audisse,
267 3310 299 3358 et
310 3318 349 3357 ea
362 3298 421 3359 illis
432 3314 601 3374 aequorum
610 3296 707 3357 socius
722 3295 776 3355 iste
791 3295 862 3357 luitr
885 3306 1004 3374 propter
1013 3313 1081 3372 quas
1094 3296 1149 3355 iste
1160 3315 1219 3355 noa
1282 3306 1285 3313 '

123 3380 240 3455 miirore'
248 3389 398 3472 quaar'ille
411 3388 479 3447 odio
490 3388 599 3466 dignus
612 3399 672 3449 est..
702 3387 807 3446 Dicam
820 3396 918 3444 autern
928 3384 1020 3443 nihilo
1032 3384 1218 3465 pluraquam

125 3504 179 3545 ros
193 3483 358 3555 autb‘ristis,
370 3481 515 3547 mirone
526 3477 761 3556 restrum-aliqui
770 3477 888 3553 judiciis
909 3476 1083 3547 Euctemcni
1104 3478 1220 3539 dictatis

124 3594 185 3637 non
200 3560 403 3645 inmrluerunt.
434 3573 479 3632 Ac
498 3572 634 3651 primum,
648 3571 678 3630 id
699 3569 779 3647 quud
800 3568 827 3628 ei
845 3568 991 3629 maximos
1005 3570 1218 3643 animos-lacit,

126 3667 338 3748 ejuspecunia
350 3664 533 3726 exactionem
545 3663 737 3735 annuamus,
747 3680 864 3739 quavos
873 3680 974 3723 omues
988 3680 1056 3723 cum
1069 3662 1125 3723 isto
1139 3667 1227 3742 botro¹
1269 3704 1273 3711 -

124 3764 187 3822 viro
200 3760 357 3819 direxerit.
392 3759 469 3817 Nam
489 3766 628 3817 accusato
643 3755 835 3825 Bastetanae,
853 3756 936 3832 quasi
955 3755 981 3813 is
1002 3755 1220 3815 restratributs
1330 3748 1335 3757 ⁴

125 3849 281 3920 detineret,
301 3862 388 3929 atque
406 3846 567 3929 pollicitus,
577 3866 618 3909 ae,
628 3847 668 3906 id.
679 3847 726 3906 rel
741 3847 1012 3932 ostensurumprel
1033 3846 1145 3921 desuo
1165 3847 1218 3905 de·
1321 3852 1325 3857 '

79 3960 82 3968 ·
124 3962 294 4025 pensamus,
313 3942 441 4012 ,decreto
463 3940 665 4018 magistratum
689 3938 740 4017 qui
767 3949 858 3999 sorte
871 3940 1041 3999 obvenerat·
1056 3936 1218 4013 abrogarim

124 4056 178 4117 per
189 4034 455 4113 eamque-speciem
468 4034 508 4096 ad
525 4032 708 4093 exactionem
726 4031 863 4109 obrepsit,
878 4031 1023 4105 istumque
1045 4026 1219 4105 designarit,-

120 4125 474 4207 eorporisinlirrnitatern·
486 4134 641 4193 causatus:
660 4132 704 4194 ut,
722 4123 827 4201 iuquit,
847 4122 878 4180 in
901 4118 1152 4179 administratione
1172 4139 1219 4181 me

125 4220 249 4299 adjutst.
269 4271 273 4280 ,
292 4217 407 4277 Habitia
429 4214 602 4285 deiudebir
623 4214 770 4275 derebus
794 4210 997 4283 concionibus,
1017 4210 1104 4269 trium
1124 4230 1221 4275 rerum

125 4311 210 4371 uobis
219 4310 365 4389 optionem
378 4308 442 4369 dari
456 4308 541 4380 dixit,
554 4319 606 4368 aut
618 4308 694 4367 enim
713 4324 798 4365 sacra
810 4321 881 4363 rasa
900 4301 1057 4362 conflanda
1069 4322 1144 4378 esse,
1168 4316 1220 4365 aut

125 4405 225 4472 denuo
236 4402 346 4461 tributa
358 4399 526 4479 pendenda,
540 4411 604 4469 aut
614 4418 656 4461 sss
672 4394 993 4476 alienum-exigendum
1004 4414 1024 4465 ι,
1034 4416 1101 4457 cum
1116 4407 1219 4463 autern
1247 4434 1249 4439 ·
