2934 5000
342 355 511 440 comus
532 353 883 422 rsrsronrrousu
906 354 931 414 1.
1123 353 1182 414 ur

92 511 145 589 qui
157 508 325 592 postularet.
346 511 397 572 Sic
410 521 517 572 netum
528 512 727 590 compsiutum
741 521 796 572 est.
816 511 893 568 Sunt
906 507 1105 588 igitureomm
1119 527 1186 586 quse
1286 569 1287 575 q

96 603 259 680 Aristogito
271 603 380 682 reipub.
395 603 492 674 debet,
513 602 633 672 tebulae,
647 601 741 680 leges,
755 601 862 681 quibus
875 600 1071 660 inscribuntur
1084 617 1186 660 omnes

96 695 146 774 qui
159 694 278 766 debent,
291 694 392 768 libelli,
406 695 610 774 tabellsjuxte
629 693 716 754 deum
729 695 793 752 sito
830 692 921 758 Quod
941 693 966 750 si
986 691 1050 750 hsec
1072 691 1188 751 rublan

95 795 175 858 sunt,
187 797 218 845 ει
230 795 408 865 expunctum
420 796 466 846 est
478 785 619 860 debitum,
632 805 686 844 nos
699 805 794 864 nugss
809 785 934 864 egimus,
947 803 982 844 ec
996 783 1094 862 potius
1105 803 1199 858 meng

95 878 199 936 timur:
220 868 267 934 sin
274 886 398 947 restent,
407 886 439 935 ει
446 877 600 935 restabunt
611 876 707 935 donec
720 876 849 946 solverit,
863 885 893 936 et
906 887 1036 948 manent,
1051 875 1106 935 iste
1116 875 1188 934 nihil

95 968 155 1026 reri
166 967 248 1041 dicit,
259 967 314 1027 sed
327 966 481 1046 delinquit,
498 977 528 1025 et
541 966 661 1046 injurius
674 977 730 1039 est,
747 967 797 1044 qui
813 972 881 1042 jure
893 969 1058 1026 communie
1077 969 1189 1030 entiu-

97 1079 188 1138 guere
206 1069 338 1119 conetur.
359 1057 467 1138 Neque
479 1059 557 1118 enim
572 1057 602 1118 id
614 1077 693 1117 nunc
705 1059 803 1136 egitur
816 1060 846 1117 in
859 1057 916 1116 hoc
925 1058 1036 1136 judicio
1049 1070 1081 1119 et
1093 1059 1190 1120 disce·

97 1152 238 1229 piatione,
249 1160 403 1210 tantumne
416 1169 455 1209 ne
469 1149 587 1220 debeat,
600 1149 702 1229 quenti
715 1149 873 1210 mulctatus
886 1161 942 1220 est,
957 1150 1010 1209 sed
1020 1170 1058 1212 en
1071 1153 1189 1213 debent.

99 1242 215 1320 Alioqui
224 1243 373 1320 perinique
386 1249 522 1320 ageretur
531 1261 597 1301 cum
611 1241 657 1314 iis,
670 1242 720 1318 qui
732 1241 771 1300 ob
785 1241 877 1300 solam
892 1243 1107 1302 accusationem
1120 1256 1192 1304 runt

98 1328 240 1412 inseripti,
253 1333 279 1392 si
288 1332 356 1412 ipsi,
365 1342 521 1412 propterea
529 1333 609 1412 quod
622 1351 725 1412 perum
734 1341 822 1411 etque
832 1332 908 1392 sdeo
918 1331 988 1390 nihil
998 1333 1200 1412 deliquerunt,

99 1443 159 1484 rere
172 1423 267 1484 elieno
281 1433 366 1484 emut
378 1424 524 1509 obstricti:
546 1424 630 1494 elius,
645 1420 889 1502 megnis'delictis
901 1422 1050 1495 admissis,
1066 1424 1089 1482 si
1102 1445 1192 1486 unum
1314 1485 1319 1492 ,

100 1526 190 1595 stque
200 1517 321 1578 alterum
330 1515 500 1595 pensionem
512 1515 641 1586 solverit,
655 1515 807 1596 pristinem
819 1515 991 1594 dignitatem
1002 1520 1193 1596 recuperabit.

101 1607 173 1668 Tris
189 1619 369 1667 sectantem
382 1607 482 1667 debite
494 1625 562 1685 quse
575 1607 717 1686 inscripta
729 1619 809 1680 sunt,
822 1617 852 1667 et
864 1617 984 1688 propter
996 1625 1064 1686 quoe
1084 1619 1132 1670 est
1144 1631 1194 1670 ec·

58 1769 63 1788 ¹
101 1709 232 1760 euentus.
266 1698 311 1758 Ac
323 1700 384 1758 duo
396 1699 515 1777 quidem
528 1698 560 1757 in
579 1699 801 1760 commentarios
816 1699 909 1758 relate
930 1709 1009 1770 sunt,
1022 1719 1113 1762 unum
1135 1721 1195 1763 non

101 1801 149 1849 est
159 1789 294 1861 relstum,
313 1789 394 1868 quod
406 1791 463 1850 iste
476 1789 559 1850 fsuoe
572 1790 768 1869 inscriptionis
793 1791 962 1850 Aristonem
982 1791 1197 1870 Alopecensem

101 1891 231 1942 rccuset.
252 1881 319 1952 Noe,
333 1880 436 1961 inquit,
449 1880 559 1959 injuste
577 1881 656 1942 enim
669 1901 718 1940 me
735 1881 906 1962 inscripsit.
925 1881 1018 1942 Poene
1032 1883 1121 1962 igitur
1133 1885 1197 1959 tibi,

103 1982 138 2032 ut
149 1992 212 2052 per,
225 1973 369 2034 sumendis
386 1981 442 2032 est.
477 1973 540 2032 Sed
553 1984 585 2032 et
595 1973 706 2033 luenda
720 1975 855 2052 primum,
870 1983 900 2034 et
919 1991 956 2035 ee
976 1985 1042 2034 rete
1062 1975 1199 2038 bebendo

103 2065 283 2137 necessario,
297 2084 364 2142 quoe
379 2083 537 2143 perpessus
547 2083 590 2124 es.
617 2063 739 2142 Alioqui
748 2065 831 2145 cujus
840 2065 881 2124 rei
891 2084 1006 2144 poennm
1020 2065 1142 2128 sumesl
1165 2069 1199 2128 Sl

103 2157 156 2216 tibi
169 2157 247 2224 enim
258 2174 346 2234 egere
357 2155 430 2215 licet
441 2153 540 2214 omnia
553 2175 619 2232 quae
632 2155 747 2227 ceteris,
761 2175 828 2234 quse
841 2156 922 2215 laete
931 2157 981 2215 tibi
995 2168 1039 2216 est
1054 2158 1179 2238 injuriet

148 2249 195 2306 16.
217 2247 316 2326 Agite,
331 2245 481 2327 perdens,
494 2245 566 2306 illud
581 2245 670 2307 ειίειει
689 2247 882 2318 considerate,
897 2247 922 2305 εἰ
935 2247 1103 2308 Aristonem
1116 2251 1200 2312 sulse

105 2339 303 2418 inscriptionis
324 2357 406 2398 reum
425 2338 581 2419 peregerit,
603 2337 674 2418 quid
701 2338 773 2399 liet?
795 2333 987 2418 Erpungetur
1008 2341 1069 2419 ipse
1087 2341 1200 2405 medius
1221 2391 1227 2406 ,

105 2431 204 2504 fidius,
223 2440 255 2490 et
273 2429 323 2490 ille
345 2430 489 2512 ejusloco
502 2429 684 2494 inscribetur.
708 2429 758 2491 Sic
771 2429 848 2490 euim
861 2430 944 2510 leges
953 2430 1069 2511 jubent.
1098 2433 1200 2496 Recte.

107 2524 216 2591 Utrum
231 2523 319 2602 igitur
329 2522 368 2582 eb
380 2542 417 2582 eo
430 2522 478 2593 die
488 2523 542 2583 iste
550 2521 612 2581 ¹erit
621 2520 740 2581 ceretius
749 2522 801 2600 qui
810 2531 973 2602 expunctus
986 2522 1083 2601 luerit,
1096 2524 1145 2585 ille
1157 2526 1203 2585 di·

108 2616 250 2696 gnitatem
267 2614 412 2687 retinebit,
435 2614 485 2694 qui
498 2614 584 2693 hujus
603 2615 671 2677 loco
684 2612 877 2675 inscribetur?
899 2614 944 2673 Ex
957 2614 1040 2674 istius
1055 2628 1133 2679 certe
1149 2639 1202 2699 po-

106 2706 223 2768 stulatis
238 2726 318 2767 nunc
338 2708 396 2768 iste
414 2706 561 2767 eveniunt.
590 2706 623 2765 Si
640 2705 729 2778 enim,
745 2704 873 2785 eoquod
892 2708 1046 2785 inscriptus
1064 2720 1121 2781 est,
1135 2730 1203 2771 non

107 2798 206 2868 debet,
219 2800 269 2858 ubi
277 2808 440 2878 expunctus
450 2797 547 2867 fuerit,
558 2796 677 2857 debebit
688 2795 828 2875 profecto.
855 2796 916 2857 Sed
927 2797 993 2859 brec
1006 2816 1065 2858 uon
1074 2800 1115 2859 ite
1125 2812 1214 2876 sunt.

107 2909 169 2949 non
181 2890 223 2949 its
234 2900 313 2950 sunt.
335 2889 444 2949 Verum
457 2888 508 2948 ubi
518 2888 633 2948 deletus
645 2886 742 2961 luerit,
754 2898 814 2947 tum
826 2908 886 2947 non
896 2888 1028 2950 debebit:
1056 2910 1134 2953 nunc
1149 2893 1203 2972 igi-

108 2980 263 3042 turdebet.
294 2980 418 3049 Quodsi
430 2978 750 3050 illefueritsbsolutus,
763 2999 849 3057 equo
859 2980 979 3059 recipiet
987 3001 1023 3041 ee
1031 2983 1205 3061 respublica,

112 3090 180 3153 quse
192 3090 271 3130 nunc
288 3071 344 3130 iste
357 3071 439 3143 fecit,
452 3089 520 3132 cum
534 3088 572 3129 ee
585 3070 682 3130 lucere
695 3068 722 3129 ei
737 3090 796 3130 non
810 3070 918 3139 liceat?
944 3072 1042 3147 Unde,
1063 3094 1137 3153 quos
1151 3074 1206 3135 iste

110 3162 216 3243 cepitis
232 3163 364 3233 sreessit,
377 3182 452 3241 quos
468 3164 498 3221 in
511 3162 627 3237 simule
642 3162 771 3241 conjicit,
785 3165 893 3256 passim
912 3165 1063 3243 injudicio
1079 3168 1204 3227 circem-

111 3256 186 3325 iens,
207 3254 250 3312 illi
271 3254 360 3314 ritem
385 3252 534 3331 recipient,
554 3252 585 3311 hi
611 3252 643 3310 id
663 3263 888 3331 consequentur,
907 3274 944 3313 ne
970 3256 1128 3315 crudeliter
1147 3268 1206 3318 trs·

112 3342 270 3406 ctetisint?
290 3345 387 3410 Quem
399 3343 477 3402 enim
490 3362 545 3401 nec
557 3342 589 3401 in
602 3342 722 3420 aequslis
731 3342 807 3421 juris
821 3352 852 3403 et
864 3342 1207 3423 quotidianisocietetem

110 3438 194 3514 leges
205 3433 374 3505 admittunt,
394 3432 419 3493 is
439 3432 469 3491 in
488 3432 568 3499 mals
589 3441 722 3493 extreme
742 3432 861 3514 conjicit
882 3433 974 3501 elisur
996 3435 1076 3513 quod
1096 3438 1132 3496 fit
1148 3458 1207 3501 non
1316 3508 1324 3519 Ι

113 3540 202 3596 recte,
221 3544 277 3587 nec
291 3525 424 3597 civiliter,
443 3544 539 3602 neque
559 3524 676 3585 utiliter.
718 3524 793 3593 Quee
809 3526 858 3586 ubi
872 3524 967 3600 rideo,
989 3529 1076 3587 miror
1093 3549 1208 3593 sursum

111 3619 252 3699 ,deorsum
264 3618 337 3677 verti
351 3616 457 3677 omnis.
479 3616 559 3684 Quid
572 3616 649 3676 enirn
662 3615 725 3676 fore
734 3616 854 3696 putetis,
868 3617 896 3695 si
904 3628 980 3679 terra
991 3640 1117 3692 sursum,
1131 3636 1210 3685 esus

115 3710 251 3770 deorsum
268 3727 410 3769 converse
431 3706 560 3767 fuerint?
581 3706 652 3771 Hoc
671 3707 733 3766 lieri
753 3728 848 3785 neque
868 3718 975 3787 potest,
993 3723 1092 3790 neque
1112 3714 1210 3777 debet.

110 3802 195 3863 frum
207 3819 278 3861 vero
290 3799 332 3861 its
343 3800 388 3869 fit,
403 3818 471 3857 cum
483 3798 529 3871 iis,
542 3796 647 3876 quibus
662 3816 723 3857 non
735 3798 805 3857 lieet
818 3799 942 3878 legibus,
953 3813 1052 3862 vestra
1060 3804 1210 3864 voluntate

112 3895 203 3956 licet:
230 3896 296 3953 cum
310 3891 487 3971 improbitati
501 3888 596 3951 honos
608 3890 743 3963 habetur,
755 3890 844 3951 virtus
858 3892 1013 3972 abjicitur:
1041 3913 1107 3953 cum
1116 3894 1167 3973 jus
1181 3906 1212 3957 et
1252 3910 1257 3917 '

117 3985 229 4045 utilius
242 3985 367 4045 vincitur
379 3980 552 4051 sbinridis:
574 3990 646 4043 tunc
659 4002 774 4045 sursum
788 3983 925 4044 deorsum
939 4002 1024 4044 verse
1036 4004 1100 4045 esse
1113 3988 1213 4049 omnis

117 4087 166 4137 est
178 4076 414 4136 existimandum.

117 4226 121 4232 .
163 4171 211 4228 17.
230 4168 252 4228 J
254 4187 301 4227 sm
318 4186 432 4228 reorum
447 4166 590 4245 quosdam
604 4166 674 4238 ridi,
687 4166 737 4246 qui
750 4186 816 4226 cum
832 4164 903 4245 ipsis
917 4167 1002 4226 rebus
1015 4167 1211 4250 vincerentur,

114 4271 152 4334 ‚et
161 4278 193 4320 se
204 4278 342 4339 peccasse
361 4258 472 4319 inficias
485 4259 527 4319 ire
541 4279 600 4319 uon
612 4267 744 4338 possent,
758 4268 857 4317 temen
869 4256 939 4335 quis
951 4257 1000 4317 ulii
1011 4256 1050 4319 sd
1062 4260 1130 4320 rite
1149 4282 1213 4333 mq-

120 4351 300 4413 deretionem
314 4359 345 4409 et
360 4351 591 4429 temperantium,
613 4348 660 4409 elii
681 4349 780 4409 adres
800 4348 941 4426 majorum
962 4359 1061 4427 gestes
1082 4360 1113 4411 et
1133 4354 1213 4415 obite

33 4512 37 4517 ,
113 4462 252 4521 ,munere
263 4440 311 4503 slii
321 4440 360 4515 sd
371 4440 434 4520 ejus
444 4442 560 4521 generis
570 4440 852 4521 slisconsugiebent,
865 4458 962 4523 peres
973 4440 1089 4505 flexisse
1098 4444 1214 4523 iudices
