2934 5000
272 329 333 390 too
673 321 918 384 PHILIPPICA
932 321 988 382 lv.-

265 480 509 560 ·‘Ihrocie,-quo
522 477 601 540 enim
613 477 672 540 elio
688 480 807 540 nomine
821 475 953 558 eppellee
972 472 1159 554 Drongilonr,
1175 483 1209 536 et
1223 473 1371 556 coyun,

267 585 304 638 et
317 575 483 645 Moetirom,
503 581 535 632 et
556 591 591 632 ee
608 591 675 652 queo
688 591 769 632 nunc
782 580 882 630 tenue
895 569 1054 640 dicitur-,
1066 566 1134 626 hoec
1150 567 1262 644 ιἰιςιιαιι
1278 585 1372 648 eppe·

268 678 344 740 tere,
357 676 389 726 et
400 675 434 726 ut
443 685 479 726 eo
491 665 630 736 obtinent,
644 674 675 724 et
686 664 802 724 laborer
815 673 847 722 et
856 661 976 742 hyemen
989 669 1022 720 et
1033 669 1167 720 extremo
1181 659 1314 739 periculo
1323 671 1372 722 to·

269 760 382 829 lerere;
403 757 625 819 Atheniensium
643 767 741 816 eutem
755 765 867 835 portur,
883 766 914 814 et
930 752 1056 824 novolio,
1069 762 1102 813 et
1113 750 1259 822 triremes,
1273 761 1305 813 et
1322 773 1373 813 nr·

269 851 478 933 gentiiodineo,
490 859 521 910 et
533 861 631 910 tentos
640 850 763 922 reditun,
776 859 807 910 et
815 847 924 918 locutu,
937 855 969 907 et
981 846 1114 925 glorium,
1126 843 1234 924 quibus
1248 846 1326 907 obsit
1336 857 1372 908 ut

269 944 317 1006 vel
330 945 378 1004 ille
390 944 437 1004 vel
453 942 606 1022 quinquurn
618 942 705 1022 oliuo,
718 945 791 1002 urhe
803 950 904 1001 nostro
917 941 1050 1010 euhncto,
1060 938 1201 1016 potietur,
1212 955 1273 998 non
1290 939 1372 1000 deei-

269 1037 384 1107 derare,
396 1034 448 1095 ned
461 1035 526 1094 hec
538 1055 592 1095 vos
605 1032 714 1094 hebere
724 1035 940 1114 permissurum,
952 1040 1072 1111 propter
1080 1031 1219 1110 punicum
1228 1039 1328 1092 eutem
1337 1045 1371 1094 et

267 1128 413 1207 oiliffl'nem
434 1127 465 1186 in
478 1125 608 1186 Thraciis
629 1126 772 1186 cuniculis
794 1126 912 1206 detnsa,
929 1125 960 1182 in
974 1122 1118 1182 Berethro
1129 1122 1371 1204 hybernoturunr.

271 1220 341 1282 Nou
362 1221 427 1281 hoec
442 1221 484 1280 ito
500 1231 579 1294 eunt,
599 1219 653 1279 eed
672 1228 703 1279 et
714 1219 776 1292 illo,
793 1237 852 1297 quo
871 1218 918 1276 hin
935 1216 1074 1296 potinlw,
1090 1225 1122 1276 et
1139 1215 1252 1294 relique
1270 1219 1372 1279 ond·

261 1313 400 1373 nolint.

312 1407 342 1464 5.
364 1405 438 1464 Hoec
457 1402 546 1482 igitur
566 1404 769 1482 unusquisque
788 1403 865 1462 ocire
883 1409 915 1462 et
930 1411 1032 1460 tenere
1043 1399 1143 1472 debet,
1156 1419 1254 1480 neque
1263 1402 1369 1479 jubere

269 1495 473 1558 mediusfidius
487 1505 521 1555 ut
532 1495 644 1556 bellum
657 1497 797 1556 decernet
805 1495 842 1565 ir,
852 1494 903 1572 qui
914 1493 1130 1573 optimoenimo
1139 1493 1294 1554 ntdineirnn
1300 1515 1369 1556 eoe-

266 1591 337 1661 det;
359 1591 390 1650 id
404 1590 481 1651 enirn
494 1608 595 1649 eorum
610 1601 656 1650 eet
674 1589 724 1670 qui
739 1587 922 1648 detrectandi
938 1586 1007 1647 belli
1019 1599 1138 1646 centurn
1151 1597 1297 1664 quierunt,
1309 1608 1370 1650 non

269 1686 317 1764 qui
336 1704 372 1744 ee
385 1701 452 1763 qute
465 1682 523 1742 nint
535 1701 571 1741 ex
585 1699 642 1741 unu
655 1681 822 1760 reipublice
835 1699 923 1760 ogere
942 1681 1138 1739 decreomnr:
1157 1681 1262 1741 videtin
1279 1673 1369 1757 enirn,

269 1780 296 1838 oi
310 1778 376 1856 quie
391 1784 557 1854 propterea
571 1775 600 1834 in
618 1773 723 1854 quihus
737 1773 890 1852 Philippur
908 1772 1043 1850 primunr,
1056 1770 1229 1843 secundum,
1247 1784 1300 1834 ent
1310 1785 1370 1835 ter·

266 1873 353 1943 tium,
367 1869 464 1928 loedue
478 1867 830 1937 violaret,-·-multeenim
839 1865 1292 1940 ordinemne-,decredmtei
1304 1867 1370 1928 hel·

269 1965 330 2024 lum
342 1981 406 2021 eene
420 1959 621 2026 inferendumr
643 1959 668 2018 ie
682 1977 761 2029 velo,
774 1977 860 2036 reque
872 1967 907 2017 ut
918 1978 1006 2031 nuuc,
1016 1957 1132 2018 nornine
1143 1958 1370 2020 Atheniensium

269 2054 378 2115 bellum
389 2054 575 2122 decernente,
592 2050 744 2110 Gordianis
757 2070 842 2131 opem
853 2050 980 2123 tolieret,
992 2070 1091 2110 ennon
1105 2051 1243 2130 obreptus
1255 2062 1338 2112 erret
1351 2071 1370 2113 e

270 2146 367 2212 rnedio
380 2144 490 2205 decreti
503 2153 616 2214 auctor,
632 2153 662 2202 et
671 2144 879 2224 omnesquerti
888 2153 1000 2213 errent,
1009 2142 1176 2223 Philippum
1186 2154 1305 2223 propter
1313 2144 1371 2204 hoo

267 2237 420 2300 decretum
435 2237 589 2298 Gordianis
602 2236 823 2316 opemtulieeei
861 2237 909 2296 Ne
928 2236 1018 2315 igitur
1034 2237 1198 2315 qooeritote,
1211 2255 1296 2315 quern
1315 2256 1371 2317 pro

269 2331 397 2412 Philippi
406 2330 522 2392 delictis
533 2330 664 2403 oderitis,
674 2339 706 2390 et
717 2329 797 2390 illiue
807 2330 991 2390 mercenariis
999 2328 1200 2389 dilaniandum
1207 2330 1370 2409 objicietis:

267 2444 372 2506 neque,
388 2426 413 2484 ei
423 2424 533 2483 bellum
546 2423 601 2504 ipei
615 2422 812 2494 decreveritis,
825 2423 921 2482 velitie
933 2423 1073 2482 intervos
1085 2421 1370 2503 (Ιίιιιιμιιο,ιιιι·ιιιιι

268 2518 299 2579 id
310 2538 364 2579 ιοι
375 2518 478 2578 iecisse
491 2517 632 2587 decuerit,
646 2516 694 2575 vel
708 2534 768 2575 non
778 2516 918 2576 decuerit.
960 2514 1021 2576 Sed
1030 2516 1135 2595 quibus
1146 2515 1197 2575 ille
1208 2516 1370 2579 numitor

267 2611 380 2671 bellum
392 2610 488 2681 insert,
507 2606 618 2667 eisdem
631 2625 683 2667 ιοι
695 2606 879 2686 propulsato:
899 2607 943 2680 iio,
958 2609 1010 2687 qui
1027 2626 1107 2668 nuuc
1119 2608 1300 2690 propulsent,
1313 2628 1370 2689 pe·

267 2702 386 2763 cuniam
403 2700 509 2761 (lenta
522 2709 554 2759 et
572 2708 679 2759 coetero
691 2698 796 2776 quibui
808 2708 914 2777 egent3
935 2699 992 2779 ipsi
1004 2711 1103 2761 nutem
1116 2700 1252 2761 tributum
1266 2704 1372 2763 confe-

267 2804 378 2867 rentes,
401 2792 605 2863 Athenienses,
624 2798 655 2850 et
675 2801 878 2869 compornnteo
900 2792 1071 2864 exercitum,
1093 2792 1225 2853 triremes
1247 2793 1370 2866 celerer,
1434 2863 1443 2879 x

267 2904 372 2965 equos,
385 2882 567 2963 hippogineo‚
580 2892 611 2942 et
619 2891 727 2943 crotera
740 2902 923 2962 quecunque
934 2885 973 2944 ed
984 2884 1094 2955 bellurn
1107 2886 1294 2962 reqrrimtur.
1326 2887 1372 2949 Ut

264 2978 347 3039 enim
360 2996 441 3038 nunc
465 2996 512 3036 reo
534 2974 782 3049 administremus,
795 2976 949 3038 ridiculum
970 2989 1025 3038 ert.
1065 2978 1145 3047 Quin
1161 2978 1258 3058 ipsum
1277 2979 1371 3041 etim

267 3072 446 3153 Philippum,
459 3070 501 3130 ito
514 3088 560 3128 me
573 3068 613 3127 dii
626 3078 734 3143 ament,
748 3079 849 3149 optore
860 3080 944 3151 puto,
961 3081 997 3131 ut
1008 3090 1068 3131 non
1087 3070 1169 3131 eliud
1182 3082 1253 3151 eget
1263 3090 1370 3153 mpu-

267 3165 346 3225 hlicn
357 3173 468 3235 norun,
487 3180 575 3243 quoru
589 3180 656 3241 quo
670 3180 750 3221 nunc
763 3163 866 3242 agitio:
886 3164 1020 3237 ωιιιιίι,
1034 3172 1167 3243 sumptus
1182 3164 1296 3233 iecitiu
1318 3166 1370 3226 oui

264 3276 313 3319 reo
322 3257 478 3330 mundetis,
488 3256 634 3335 queritier
649 3256 840 3328 succensetur,
850 3256 926 3329 oliuo
937 3256 1027 3317 eh'um
1036 3256 1193 3318 ιοοιιιιιιι.
1216 3256 1369 3317 Undecu-

265 3358 326 3411 t'ern
339 3352 396 3411 ieta
407 3352 489 3423 liant,
503 3368 560 3429 ego
572 3348 697 3422 docebo,
710 3359 741 3409 et
753 3348 901 3427 quomodo
914 3349 1209 3429 compeooendooint,
1222 3348 1330 3411 diem.

309 3444 339 3501 6.
360 3442 441 3502 Nihil
451 3460 589 3527 uuquam,
604 3442 810 3516 Aduenieneeo,
824 3443 863 3503 ol>
875 3442 958 3502 initio
971 3452 1053 3503 recte
1065 3442 1241 3516 instituistin,
1254 3452 1307 3503 ent
1318 3443 1369 3503 in·

265 3533 433 3603 euuxietier
455 3534 508 3594 ned
521 3543 659 3595 eventum
676 3552 788 3615 semper
801 3534 1004 3597 moneamini:
1024 3535 1142 3605 deinde,
1161 3535 1187 3595 ti
1204 3536 1298 3596 oetion
1314 3554 1368 3596 re·

266 3623 364 3696 nietiu,
384 3626 518 3697 cesentio,
533 3644 642 3699 rursus,
657 3626 682 3685 ri
695 3627 768 3706 qnid
788 3627 869 3688 uliud
883 3627 1022 3700 evenerit,
1034 3627 1178 3687 instruitis
1189 3644 1255 3701 roo,
1274 3637 1305 3688 et
1315 3637 1368 3689 tu·

266 3715 461 3776 multuuurini.
503 3718 580 3777 Cum
593 3737 652 3778 non
665 3718 707 3779 ito
719 3720 930 3798 eitugendum:
944 3738 1042 3799 neque
1054 3721 1130 3781 enirn
1140 3722 1201 3781 lieri
1213 3731 1320 3800 potent,
1330 3733 1370 3782 ιιι

263 3812 317 3891 qui
335 3810 486 3871 ιιιῠὶιαιιιίι
498 3821 629 3872 utuntur·
642 3806 765 3885 auxiliis,
779 3814 934 3893 quicquum
944 3810 1030 3875 'recte
1043 3832 1172 3893 unquam
1185 3816 1365 3884 conficiente

263 3904 321 3967 eed
334 3904 517 3965 conscribere
526 3914 640 3985 oportet
642 3909 756 3984 justum
767 3909 937 3982 exercitum,
952 3918 983 3969 et
994 3920 1173 3970 commentor
1186 3909 1244 3969 illio
1256 3927 1367 3991 ruppe·

264 4000 370 4072 ditare,
384 4007 415 4058 et
427 4008 587 4078 quaestores
600 3999 741 4077 publicos,
760 4010 791 4061 et
810 4011 844 4061 ut
860 4021 948 4082 quem
969 4003 1191 4083 diligentissimo
1202 4004 1256 4065 fiet
1270 4007 1367 4067 oraru

266 4092 417 4161 custodiar
440 4091 469 4152 id
484 4110 554 4153 vero
576 4102 725 4167 curantes,
737 4095 870 4173 pecunie
890 4096 1020 4158 rationes
1033 4115 1052 4156 o
1064 4098 1257 4176 quaestoribus
1275 4116 1365 4176 repo·

263 4202 465 4258 secretorum
478 4203 548 4244 vero
560 4194 720 4263 gestarum,
735 4188 773 4245 ab
782 4185 974 4265 imperotore;
990 4188 1138 4250 etnullam
1146 4187 1192 4248 rel
1205 4188 1366 4268 navigandi

265 4278 334 4350 olio,
345 4279 392 4338 vel
407 4278 489 4337 eliud
502 4278 612 4357 aliquid
626 4278 732 4357 egendi
745 4298 864 4340 ceusnrn
877 4281 947 4342 duci
964 4281 1136 4361 relinquere.
1178 4281 1268 4351 Quod
1282 4284 1306 4340 oi
1320 4282 1365 4343 oie

263 4374 404 4444 feceritis,
421 4384 451 4433 et
464 4374 521 4432 hoc
534 4372 694 4444 volueritis,
709 4392 810 4434 revere
819 4375 926 4456 justum
942 4394 1056 4436 uerrere
1069 4392 1183 4454 pacem,
1196 4383 1228 4433 et
1244 4392 1364 4437 menete

264 4465 355 4541 domi,
368 4484 419 4524 ruo
431 4474 594 4537 contentum,
604 4464 769 4547 Philippum
785 4468 918 4548 cogetis:
939 4476 991 4529 eut
1003 4468 1113 4529 bellum
1128 4486 1165 4528 er
1179 4486 1265 4547 nequo
1278 4486 1363 4547 gere·
