<?xml version="1.0" encoding="UTF-8"?>
<!DOCTYPE html PUBLIC "-//W3C//DTD XHTML 1.0 Transitional//EN"
    "http://www.w3.org/TR/xhtml1/DTD/xhtml1-transitional.dtd">
<html xmlns="http://www.w3.org/1999/xhtml" xml:lang="en" lang="en">
 <head>
  <title>
</title>
<meta http-equiv="Content-Type" content="text/html;charset=utf-8" />
  <meta name='ocr-system' content='tesseract 3.04.00' />
  <meta name='ocr-capabilities' content='ocr_page ocr_carea ocr_par ocr_line ocrx_word'/>
</head>
<body>
  <div class='ocr_page' id='page_1' title='image "./demosthenisetsc09ulpigoog/demosthenisetsc09ulpigoog_0274.png"; bbox 0 0 2934 5000; ppageno 0'>
   <div class='ocr_carea' id='block_1_1' title="bbox 124 303 1121 400">
    <p class='ocr_par' dir='ltr' id='par_1_1' title="bbox 124 303 1121 400">
     <span class='ocr_line' id='line_1_1' title="bbox 124 303 1121 400; baseline 0 -18"><span class='ocrx_word' id='word_1_1' title='bbox 124 303 128 308; x_wconf 83' lang='grc'><em>’</em></span> <span class='ocrx_word' id='word_1_2' title='bbox 235 395 239 400; x_wconf 40' lang='grc'><em>,</em></span> <span class='ocrx_word' id='word_1_3' title='bbox 262 323 322 384; x_wconf 77' lang='lat' dir='ltr'>aar</span> <span class='ocrx_word' id='word_1_4' title='bbox 502 323 560 384; x_wconf 84' lang='lat' dir='ltr'>nn</span> <span class='ocrx_word' id='word_1_5' title='bbox 582 321 853 383; x_wconf 74' lang='lat' dir='ltr'>artacaeon</span> <span class='ocrx_word' id='word_1_6' title='bbox 876 315 1121 387; x_wconf 68' lang='lat' dir='ltr'>baoariorum</span> 
     </span>
    </p>
   </div>
   <div class='ocr_carea' id='block_1_2' title="bbox 188 471 1380 3317">
    <p class='ocr_par' dir='ltr' id='par_1_2' title="bbox 261 471 1380 832">
     <span class='ocr_line' id='line_1_2' title="bbox 261 471 1380 556; baseline 0.002 -20"><span class='ocrx_word' id='word_1_7' title='bbox 261 485 364 538; x_wconf 68' lang='lat' dir='ltr'>ababa</span> <span class='ocrx_word' id='word_1_8' title='bbox 376 471 466 538; x_wconf 64' lang='lat' dir='ltr'>etate</span> <span class='ocrx_word' id='word_1_9' title='bbox 482 479 513 541; x_wconf 85' lang='lat' dir='ltr'>iu</span> <span class='ocrx_word' id='word_1_10' title='bbox 525 478 655 548; x_wconf 66' lang='lat' dir='ltr'>Gracia,</span> <span class='ocrx_word' id='word_1_11' title='bbox 674 477 728 538; x_wconf 91' lang='lat' dir='ltr'>sed</span> <span class='ocrx_word' id='word_1_12' title='bbox 742 493 812 550; x_wconf 76' lang='lat' dir='ltr'>neo,</span> <span class='ocrx_word' id='word_1_13' title='bbox 828 484 862 536; x_wconf 90' lang='lat' dir='ltr'>nt</span> <span class='ocrx_word' id='word_1_14' title='bbox 874 475 989 556; x_wconf 82' lang='lat' dir='ltr'>opinor,</span> <span class='ocrx_word' id='word_1_15' title='bbox 1012 475 1102 536; x_wconf 82' lang='lat' dir='ltr'>etiam</span> <span class='ocrx_word' id='word_1_16' title='bbox 1126 477 1278 556; x_wconf 61' lang='lat' dir='ltr'>aporiari*</span> <span class='ocrx_word' id='word_1_17' title='bbox 1288 473 1380 543; x_wconf 56' lang='lat' dir='ltr'>nrm-2</span> 
     </span>
     <span class='ocr_line' id='line_1_3' title="bbox 262 563 1375 651; baseline 0.005 -23"><span class='ocrx_word' id='word_1_18' title='bbox 262 586 344 648; x_wconf 85' lang='lat' dir='ltr'>pore.</span> <span class='ocrx_word' id='word_1_19' title='bbox 367 569 527 634; x_wconf 81' lang='lat' dir='ltr'>Tantarum</span> <span class='ocrx_word' id='word_1_20' title='bbox 540 569 627 650; x_wconf 80' lang='lat' dir='ltr'>igitur</span> <span class='ocrx_word' id='word_1_21' title='bbox 634 580 666 629; x_wconf 89' lang='lat' dir='ltr'>et</span> <span class='ocrx_word' id='word_1_22' title='bbox 678 563 781 629; x_wconf 83' lang='lat' dir='ltr'>talium</span> <span class='ocrx_word' id='word_1_23' title='bbox 794 587 889 628; x_wconf 92' lang='lat' dir='ltr'>rerum</span> <span class='ocrx_word' id='word_1_24' title='bbox 904 585 980 626; x_wconf 86' lang='lat' dir='ltr'>unus</span> <span class='ocrx_word' id='word_1_25' title='bbox 990 566 1082 629; x_wconf 88' lang='lat' dir='ltr'>bomo</span> <span class='ocrx_word' id='word_1_26' title='bbox 1088 565 1241 649; x_wconf 86' lang='lat' dir='ltr'>Philippus</span> <span class='ocrx_word' id='word_1_27' title='bbox 1252 574 1375 651; x_wconf 78' lang='lat' dir='ltr'>potitae</span> 
     </span>
     <span class='ocr_line' id='line_1_4' title="bbox 263 653 1371 745; baseline 0.005 -25"><span class='ocrx_word' id='word_1_28' title='bbox 263 671 310 720; x_wconf 86' lang='lat' dir='ltr'>est</span> <span class='ocrx_word' id='word_1_29' title='bbox 325 679 377 742; x_wconf 84' lang='lat' dir='ltr'>per</span> <span class='ocrx_word' id='word_1_30' title='bbox 385 662 475 722; x_wconf 87' lang='lat' dir='ltr'>istos:</span> <span class='ocrx_word' id='word_1_31' title='bbox 496 660 635 722; x_wconf 81' lang='lat' dir='ltr'>ineolumi</span> <span class='ocrx_word' id='word_1_32' title='bbox 647 663 719 721; x_wconf 90' lang='lat' dir='ltr'>urbe</span> <span class='ocrx_word' id='word_1_33' title='bbox 735 655 971 732; x_wconf 73' lang='lat' dir='ltr'>Atheniensium,</span> <span class='ocrx_word' id='word_1_34' title='bbox 981 659 1029 719; x_wconf 90' lang='lat' dir='ltr'>cui</span> <span class='ocrx_word' id='word_1_35' title='bbox 1043 677 1172 739; x_wconf 81' lang='lat' dir='ltr'>praeesse</span> <span class='ocrx_word' id='word_1_36' title='bbox 1185 653 1300 726; x_wconf 75' lang='lat' dir='ltr'>Grrecis</span> <span class='ocrx_word' id='word_1_37' title='bbox 1310 685 1371 745; x_wconf 85' lang='lat' dir='ltr'>pa·</span> 
     </span>
     <span class='ocr_line' id='line_1_5' title="bbox 263 753 1216 832; baseline 0.002 -20"><span class='ocrx_word' id='word_1_38' title='bbox 263 755 351 813; x_wconf 93' lang='lat' dir='ltr'>trium</span> <span class='ocrx_word' id='word_1_39' title='bbox 365 764 422 825; x_wconf 85' lang='lat' dir='ltr'>est,</span> <span class='ocrx_word' id='word_1_40' title='bbox 435 765 467 814; x_wconf 89' lang='lat' dir='ltr'>et</span> <span class='ocrx_word' id='word_1_41' title='bbox 478 773 539 814; x_wconf 89' lang='lat' dir='ltr'>non</span> <span class='ocrx_word' id='word_1_42' title='bbox 553 754 718 826; x_wconf 76' lang='lat' dir='ltr'>connitere,</span> <span class='ocrx_word' id='word_1_43' title='bbox 732 763 766 812; x_wconf 88' lang='lat' dir='ltr'>ut</span> <span class='ocrx_word' id='word_1_44' title='bbox 780 753 936 831; x_wconf 81' lang='lat' dir='ltr'>quicquam</span> <span class='ocrx_word' id='word_1_45' title='bbox 950 753 1009 812; x_wconf 87' lang='lat' dir='ltr'>tale</span> <span class='ocrx_word' id='word_1_46' title='bbox 1022 754 1216 832; x_wconf 80' lang='lat' dir='ltr'>perpetretur.</span> 
     </span>
    </p>

    <p class='ocr_par' dir='ltr' id='par_1_3' title="bbox 204 841 1368 2474">
     <span class='ocr_line' id='line_1_6' title="bbox 302 841 1368 926; baseline 0.003 -19"><span class='ocrx_word' id='word_1_47' title='bbox 302 849 353 907; x_wconf 74' lang='lat' dir='ltr'>tt.</span> <span class='ocrx_word' id='word_1_48' title='bbox 375 846 630 915; x_wconf 72' lang='lat' dir='ltr'><strong>Quemadmodum</strong></span> <span class='ocrx_word' id='word_1_49' title='bbox 643 845 902 926; x_wconf 73' lang='lat' dir='ltr'>igitur-arumnosi</span> <span class='ocrx_word' id='word_1_50' title='bbox 915 841 1085 904; x_wconf 75' lang='lat' dir='ltr'>Phocenses</span> <span class='ocrx_word' id='word_1_51' title='bbox 1103 844 1275 922; x_wconf 82' lang='lat' dir='ltr'>interierint,</span> <span class='ocrx_word' id='word_1_52' title='bbox 1295 869 1368 912; x_wconf 87' lang='lat' dir='ltr'>cum</span> 
     </span>
     <span class='ocr_line' id='line_1_7' title="bbox 263 935 1368 1015; baseline 0.006 -18"><span class='ocrx_word' id='word_1_53' title='bbox 263 957 302 997; x_wconf 83' lang='lat' dir='ltr'>ex</span> <span class='ocrx_word' id='word_1_54' title='bbox 315 938 359 997; x_wconf 80' lang='lat' dir='ltr'>his</span> <span class='ocrx_word' id='word_1_55' title='bbox 372 937 500 998; x_wconf 81' lang='lat' dir='ltr'>decretio</span> <span class='ocrx_word' id='word_1_56' title='bbox 512 937 611 997; x_wconf 80' lang='lat' dir='ltr'>ridere</span> <span class='ocrx_word' id='word_1_57' title='bbox 625 947 681 1010; x_wconf 87' lang='lat' dir='ltr'>est,</span> <span class='ocrx_word' id='word_1_58' title='bbox 692 947 754 997; x_wconf 89' lang='lat' dir='ltr'>tom</span> <span class='ocrx_word' id='word_1_59' title='bbox 768 937 856 997; x_wconf 85' lang='lat' dir='ltr'>etiam</span> <span class='ocrx_word' id='word_1_60' title='bbox 870 955 907 1000; x_wconf 87' lang='lat' dir='ltr'>ex</span> <span class='ocrx_word' id='word_1_61' title='bbox 924 935 996 1015; x_wconf 92' lang='lat' dir='ltr'>ipsis</span> <span class='ocrx_word' id='word_1_62' title='bbox 1007 935 1096 996; x_wconf 87' lang='lat' dir='ltr'>rebus</span> <span class='ocrx_word' id='word_1_63' title='bbox 1108 955 1175 1014; x_wconf 88' lang='lat' dir='ltr'>quae</span> <span class='ocrx_word' id='word_1_64' title='bbox 1189 950 1265 999; x_wconf 66' lang='lat' dir='ltr'>actm</span> <span class='ocrx_word' id='word_1_65' title='bbox 1285 952 1368 1004; x_wconf 89' lang='lat' dir='ltr'>sant.</span> 
     </span>
     <span class='ocr_line' id='line_1_8' title="bbox 264 1021 1368 1114; baseline 0.006 -26"><span class='ocrx_word' id='word_1_66' title='bbox 264 1028 342 1098; x_wconf 83' lang='lat' dir='ltr'>Qute</span> <span class='ocrx_word' id='word_1_67' title='bbox 352 1049 398 1090; x_wconf 86' lang='lat' dir='ltr'>res</span> <span class='ocrx_word' id='word_1_68' title='bbox 406 1029 618 1114; x_wconf 74' lang='lat' dir='ltr'>spectaculum,</span> <span class='ocrx_word' id='word_1_69' title='bbox 629 1029 835 1101; x_wconf 74' lang='lat' dir='ltr'>Athenienses,</span> <span class='ocrx_word' id='word_1_70' title='bbox 846 1027 966 1088; x_wconf 82' lang='lat' dir='ltr'>crudele</span> <span class='ocrx_word' id='word_1_71' title='bbox 975 1037 1043 1088; x_wconf 89' lang='lat' dir='ltr'>sunt</span> <span class='ocrx_word' id='word_1_72' title='bbox 1053 1021 1268 1092; x_wconf 79' lang='lat' dir='ltr'>etmirerabiie.</span> <span class='ocrx_word' id='word_1_73' title='bbox 1287 1035 1368 1096; x_wconf 84' lang='lat' dir='ltr'>Cam</span> 
     </span>
     <span class='ocr_line' id='line_1_9' title="bbox 263 1119 1367 1201; baseline 0.005 -21"><span class='ocrx_word' id='word_1_74' title='bbox 263 1123 342 1180; x_wconf 88' lang='lat' dir='ltr'>enim</span> <span class='ocrx_word' id='word_1_75' title='bbox 355 1141 447 1201; x_wconf 89' lang='lat' dir='ltr'>nuper</span> <span class='ocrx_word' id='word_1_76' title='bbox 455 1121 587 1201; x_wconf 85' lang='lat' dir='ltr'>Delphos</span> <span class='ocrx_word' id='word_1_77' title='bbox 601 1122 858 1201; x_wconf 83' lang='lat' dir='ltr'>proficisceremur,</span> <span class='ocrx_word' id='word_1_78' title='bbox 870 1137 992 1180; x_wconf 88' lang='lat' dir='ltr'>necesse</span> <span class='ocrx_word' id='word_1_79' title='bbox 1006 1119 1186 1181; x_wconf 88' lang='lat' dir='ltr'>habebamus</span> <span class='ocrx_word' id='word_1_80' title='bbox 1207 1141 1244 1184; x_wconf 86' lang='lat' dir='ltr'>ea</span> <span class='ocrx_word' id='word_1_81' title='bbox 1265 1127 1367 1190; x_wconf 82' lang='lat' dir='ltr'>ridere</span> 
     </span>
     <span class='ocr_line' id='line_1_10' title="bbox 263 1211 1367 1293; baseline 0.007 -21"><span class='ocrx_word' id='word_1_82' title='bbox 263 1211 374 1284; x_wconf 83' lang='lat' dir='ltr'>omnia,</span> <span class='ocrx_word' id='word_1_83' title='bbox 398 1213 524 1274; x_wconf 72' lang='lat' dir='ltr'>edificia</span> <span class='ocrx_word' id='word_1_84' title='bbox 538 1212 646 1287; x_wconf 86' lang='lat' dir='ltr'>diruta,</span> <span class='ocrx_word' id='word_1_85' title='bbox 664 1214 772 1274; x_wconf 80' lang='lat' dir='ltr'>moenia</span> <span class='ocrx_word' id='word_1_86' title='bbox 795 1221 950 1293; x_wconf 86' lang='lat' dir='ltr'>prostrata,</span> <span class='ocrx_word' id='word_1_87' title='bbox 970 1214 1118 1291; x_wconf 79' lang='lat' dir='ltr'>regionem</span> <span class='ocrx_word' id='word_1_88' title='bbox 1126 1213 1288 1292; x_wconf 76' lang='lat' dir='ltr'>juventute</span> <span class='ocrx_word' id='word_1_89' title='bbox 1311 1220 1367 1280; x_wconf 89' lang='lat' dir='ltr'>de·</span> 
     </span>
     <span class='ocr_line' id='line_1_11' title="bbox 263 1303 1366 1385; baseline 0.002 -19"><span class='ocrx_word' id='word_1_90' title='bbox 263 1307 397 1378; x_wconf 84' lang='lat' dir='ltr'>solatam,</span> <span class='ocrx_word' id='word_1_91' title='bbox 405 1305 591 1367; x_wconf 84' lang='lat' dir='ltr'>mulierculas</span> <span class='ocrx_word' id='word_1_92' title='bbox 599 1305 753 1378; x_wconf 61' lang='lat' dir='ltr'>duntaxat,</span> <span class='ocrx_word' id='word_1_93' title='bbox 762 1314 794 1365; x_wconf 89' lang='lat' dir='ltr'>et</span> <span class='ocrx_word' id='word_1_94' title='bbox 801 1321 911 1385; x_wconf 87' lang='lat' dir='ltr'>pancos</span> <span class='ocrx_word' id='word_1_95' title='bbox 924 1303 1072 1382; x_wconf 84' lang='lat' dir='ltr'>puerulos,</span> <span class='ocrx_word' id='word_1_96' title='bbox 1081 1313 1113 1364; x_wconf 91' lang='lat' dir='ltr'>et</span> <span class='ocrx_word' id='word_1_97' title='bbox 1125 1324 1223 1380; x_wconf 87' lang='lat' dir='ltr'>senes,</span> <span class='ocrx_word' id='word_1_98' title='bbox 1230 1308 1366 1374; x_wconf 76' lang='lat' dir='ltr'>homines</span> 
     </span>
     <span class='ocr_line' id='line_1_12' title="bbox 263 1396 1365 1479; baseline 0.006 -20"><span class='ocrx_word' id='word_1_99' title='bbox 263 1396 462 1459; x_wconf 84' lang='lat' dir='ltr'>miserandos:</span> <span class='ocrx_word' id='word_1_100' title='bbox 482 1397 610 1477; x_wconf 85' lang='lat' dir='ltr'>denique</span> <span class='ocrx_word' id='word_1_101' title='bbox 620 1417 706 1459; x_wconf 91' lang='lat' dir='ltr'>nemo</span> <span class='ocrx_word' id='word_1_102' title='bbox 716 1397 811 1458; x_wconf 83' lang='lat' dir='ltr'>verbis</span> <span class='ocrx_word' id='word_1_103' title='bbox 826 1397 942 1476; x_wconf 85' lang='lat' dir='ltr'>assequi</span> <span class='ocrx_word' id='word_1_104' title='bbox 952 1396 1089 1475; x_wconf 87' lang='lat' dir='ltr'>possitea</span> <span class='ocrx_word' id='word_1_105' title='bbox 1102 1397 1188 1470; x_wconf 84' lang='lat' dir='ltr'>mala,</span> <span class='ocrx_word' id='word_1_106' title='bbox 1203 1419 1271 1479; x_wconf 71' lang='lat' dir='ltr'>quie</span> <span class='ocrx_word' id='word_1_107' title='bbox 1284 1397 1365 1466; x_wconf 84' lang='lat' dir='ltr'>nunc</span> 
     </span>
     <span class='ocr_line' id='line_1_13' title="bbox 263 1489 1365 1570; baseline 0.008 -21"><span class='ocrx_word' id='word_1_108' title='bbox 263 1489 325 1550; x_wconf 84' lang='lat' dir='ltr'>iilic</span> <span class='ocrx_word' id='word_1_109' title='bbox 335 1501 414 1551; x_wconf 89' lang='lat' dir='ltr'>sunt.</span> <span class='ocrx_word' id='word_1_110' title='bbox 438 1490 674 1570; x_wconf 81' lang='lat' dir='ltr'>Atquieosoiim</span> <span class='ocrx_word' id='word_1_111' title='bbox 685 1491 861 1552; x_wconf 86' lang='lat' dir='ltr'>contrarium</span> <span class='ocrx_word' id='word_1_112' title='bbox 872 1489 1020 1548; x_wconf 84' lang='lat' dir='ltr'>Thebanis</span> <span class='ocrx_word' id='word_1_113' title='bbox 1028 1503 1082 1569; x_wconf 89' lang='lat' dir='ltr'>pro</span> <span class='ocrx_word' id='word_1_114' title='bbox 1096 1490 1177 1550; x_wconf 83' lang='lat' dir='ltr'>vobis</span> <span class='ocrx_word' id='word_1_115' title='bbox 1188 1493 1294 1556; x_wconf 82' lang='lat' dir='ltr'>tulisse</span> <span class='ocrx_word' id='word_1_116' title='bbox 1302 1499 1365 1558; x_wconf 82' lang='lat' dir='ltr'>suf·</span> 
     </span>
     <span class='ocr_line' id='line_1_14' title="bbox 264 1581 1361 1664; baseline 0.006 -21"><span class='ocrx_word' id='word_1_117' title='bbox 264 1583 401 1664; x_wconf 70' lang='lat' dir='ltr'>fragium,</span> <span class='ocrx_word' id='word_1_118' title='bbox 414 1604 483 1645; x_wconf 89' lang='lat' dir='ltr'>cum</span> <span class='ocrx_word' id='word_1_119' title='bbox 492 1583 531 1645; x_wconf 89' lang='lat' dir='ltr'>de</span> <span class='ocrx_word' id='word_1_120' title='bbox 545 1584 623 1645; x_wconf 89' lang='lat' dir='ltr'>urbis</span> <span class='ocrx_word' id='word_1_121' title='bbox 637 1584 758 1644; x_wconf 84' lang='lat' dir='ltr'>excidio</span> <span class='ocrx_word' id='word_1_122' title='bbox 767 1593 914 1663; x_wconf 75' lang='lat' dir='ltr'>ageretur,</span> <span class='ocrx_word' id='word_1_123' title='bbox 928 1581 1035 1642; x_wconf 76' lang='lat' dir='ltr'>euobis</span> <span class='ocrx_word' id='word_1_124' title='bbox 1046 1600 1103 1660; x_wconf 77' lang='lat' dir='ltr'>ego</span> <span class='ocrx_word' id='word_1_125' title='bbox 1115 1585 1252 1646; x_wconf 76' lang='lat' dir='ltr'>omnibus</span> <span class='ocrx_word' id='word_1_126' title='bbox 1263 1589 1361 1652; x_wconf 88' lang='lat' dir='ltr'>audio.</span> 
     </span>
     <span class='ocr_line' id='line_1_15' title="bbox 265 1675 1365 1757; baseline -0.006 -20"><span class='ocrx_word' id='word_1_127' title='bbox 265 1677 356 1743; x_wconf 84' lang='lat' dir='ltr'>Quod</span> <span class='ocrx_word' id='word_1_128' title='bbox 368 1676 456 1757; x_wconf 84' lang='lat' dir='ltr'>igitur</span> <span class='ocrx_word' id='word_1_129' title='bbox 467 1677 587 1756; x_wconf 85' lang='lat' dir='ltr'>putatis,</span> <span class='ocrx_word' id='word_1_130' title='bbox 602 1677 807 1748; x_wconf 79' lang='lat' dir='ltr'>Athenienses,</span> <span class='ocrx_word' id='word_1_131' title='bbox 821 1676 945 1754; x_wconf 86' lang='lat' dir='ltr'>majores</span> <span class='ocrx_word' id='word_1_132' title='bbox 962 1683 1086 1746; x_wconf 81' lang='lat' dir='ltr'>vestros,</span> <span class='ocrx_word' id='word_1_133' title='bbox 1100 1675 1172 1740; x_wconf 80' lang='lat' dir='ltr'>siin</span> <span class='ocrx_word' id='word_1_134' title='bbox 1186 1678 1276 1739; x_wconf 84' lang='lat' dir='ltr'>vitam</span> <span class='ocrx_word' id='word_1_135' title='bbox 1289 1681 1365 1742; x_wconf 69' lang='lat' dir='ltr'>redi.</span> 
     </span>
     <span class='ocr_line' id='line_1_16' title="bbox 264 1765 1366 1847; baseline -0.004 -16"><span class='ocrx_word' id='word_1_136' title='bbox 264 1781 340 1844; x_wconf 88' lang='lat' dir='ltr'>rent,</span> <span class='ocrx_word' id='word_1_137' title='bbox 351 1769 523 1847; x_wconf 78' lang='lat' dir='ltr'>suffragium</span> <span class='ocrx_word' id='word_1_138' title='bbox 535 1779 588 1828; x_wconf 88' lang='lat' dir='ltr'>aut</span> <span class='ocrx_word' id='word_1_139' title='bbox 600 1785 691 1847; x_wconf 84' lang='lat' dir='ltr'>quam</span> <span class='ocrx_word' id='word_1_140' title='bbox 709 1767 884 1828; x_wconf 87' lang='lat' dir='ltr'>sententiam</span> <span class='ocrx_word' id='word_1_141' title='bbox 898 1767 1018 1840; x_wconf 88' lang='lat' dir='ltr'>laturos,</span> <span class='ocrx_word' id='word_1_142' title='bbox 1031 1765 1067 1826; x_wconf 93' lang='lat' dir='ltr'>de</span> <span class='ocrx_word' id='word_1_143' title='bbox 1081 1768 1213 1831; x_wconf 82' lang='lat' dir='ltr'>interitus</span> <span class='ocrx_word' id='word_1_144' title='bbox 1227 1771 1366 1835; x_wconf 75' lang='lat' dir='ltr'>Phocen-</span> 
     </span>
     <span class='ocr_line' id='line_1_17' title="bbox 265 1857 1367 1947; baseline 0.005 -27"><span class='ocrx_word' id='word_1_145' title='bbox 265 1863 340 1920; x_wconf 87' lang='lat' dir='ltr'>aiom</span> <span class='ocrx_word' id='word_1_146' title='bbox 354 1858 544 1922; x_wconf 65' lang='lat' dir='ltr'>auctoribus?</span> <span class='ocrx_word' id='word_1_147' title='bbox 565 1857 710 1938; x_wconf 83' lang='lat' dir='ltr'>Equidem</span> <span class='ocrx_word' id='word_1_148' title='bbox 724 1859 856 1930; x_wconf 74' lang='lat' dir='ltr'>arbitror,</span> <span class='ocrx_word' id='word_1_149' title='bbox 870 1859 985 1919; x_wconf 82' lang='lat' dir='ltr'>tametsi</span> <span class='ocrx_word' id='word_1_150' title='bbox 1002 1876 1054 1919; x_wconf 91' lang='lat' dir='ltr'>eos</span> <span class='ocrx_word' id='word_1_151' title='bbox 1065 1861 1126 1920; x_wconf 85' lang='lat' dir='ltr'>anis</span> <span class='ocrx_word' id='word_1_152' title='bbox 1139 1863 1277 1924; x_wconf 78' lang='lat' dir='ltr'>maninus.</span> <span class='ocrx_word' id='word_1_153' title='bbox 1287 1867 1367 1947; x_wconf 87' lang='lat' dir='ltr'>lapi-</span> 
     </span>
     <span class='ocr_line' id='line_1_18' title="bbox 265 1950 1367 2039; baseline 0.003 -25"><span class='ocrx_word' id='word_1_154' title='bbox 265 1953 396 2026; x_wconf 78' lang='lat' dir='ltr'>dassent,</span> <span class='ocrx_word' id='word_1_155' title='bbox 410 1952 523 2012; x_wconf 88' lang='lat' dir='ltr'>nullum</span> <span class='ocrx_word' id='word_1_156' title='bbox 536 1971 568 2012; x_wconf 89' lang='lat' dir='ltr'>se</span> <span class='ocrx_word' id='word_1_157' title='bbox 581 1950 763 2011; x_wconf 83' lang='lat' dir='ltr'>commisisse</span> <span class='ocrx_word' id='word_1_158' title='bbox 777 1951 927 2030; x_wconf 78' lang='lat' dir='ltr'>piaculum</span> <span class='ocrx_word' id='word_1_159' title='bbox 938 1953 1105 2031; x_wconf 67' lang='lat' dir='ltr'>putaturos,</span> <span class='ocrx_word' id='word_1_160' title='bbox 1115 1953 1173 2020; x_wconf 86' lang='lat' dir='ltr'>Qui</span> <span class='ocrx_word' id='word_1_161' title='bbox 1184 1955 1261 2014; x_wconf 89' lang='lat' dir='ltr'>enim</span> <span class='ocrx_word' id='word_1_162' title='bbox 1274 1967 1367 2039; x_wconf 86' lang='lat' dir='ltr'>turpe</span> 
     </span>
     <span class='ocr_line' id='line_1_19' title="bbox 265 2043 1365 2125; baseline 0.009 -23"><span class='ocrx_word' id='word_1_163' title='bbox 265 2063 324 2104; x_wconf 89' lang='lat' dir='ltr'>non</span> <span class='ocrx_word' id='word_1_164' title='bbox 339 2045 387 2116; x_wconf 87' lang='lat' dir='ltr'>sit,</span> <span class='ocrx_word' id='word_1_165' title='bbox 401 2044 459 2103; x_wconf 92' lang='lat' dir='ltr'>imo</span> <span class='ocrx_word' id='word_1_166' title='bbox 472 2063 540 2122; x_wconf 77' lang='lat' dir='ltr'>quaa</span> <span class='ocrx_word' id='word_1_167' title='bbox 554 2045 645 2122; x_wconf 88' lang='lat' dir='ltr'>major</span> <span class='ocrx_word' id='word_1_168' title='bbox 659 2062 726 2104; x_wconf 90' lang='lat' dir='ltr'>esse</span> <span class='ocrx_word' id='word_1_169' title='bbox 739 2043 890 2123; x_wconf 87' lang='lat' dir='ltr'>turpitudo</span> <span class='ocrx_word' id='word_1_170' title='bbox 903 2051 1002 2122; x_wconf 91' lang='lat' dir='ltr'>queat,</span> <span class='ocrx_word' id='word_1_171' title='bbox 1015 2063 1103 2122; x_wconf 90' lang='lat' dir='ltr'>quam</span> <span class='ocrx_word' id='word_1_172' title='bbox 1117 2045 1161 2118; x_wconf 87' lang='lat' dir='ltr'>iis,</span> <span class='ocrx_word' id='word_1_173' title='bbox 1176 2047 1289 2125; x_wconf 84' lang='lat' dir='ltr'>quinos</span> <span class='ocrx_word' id='word_1_174' title='bbox 1301 2059 1365 2112; x_wconf 88' lang='lat' dir='ltr'>turn</span> 
     </span>
     <span class='ocr_line' id='line_1_20' title="bbox 265 2133 1365 2215; baseline 0.008 -19"><span class='ocrx_word' id='word_1_175' title='bbox 265 2145 487 2208; x_wconf 71' lang='lat' dir='ltr'>conservarunt,</span> <span class='ocrx_word' id='word_1_176' title='bbox 506 2145 537 2195; x_wconf 90' lang='lat' dir='ltr'>et</span> <span class='ocrx_word' id='word_1_177' title='bbox 549 2136 678 2196; x_wconf 87' lang='lat' dir='ltr'>salutare</span> <span class='ocrx_word' id='word_1_178' title='bbox 688 2155 743 2215; x_wconf 89' lang='lat' dir='ltr'>pro</span> <span class='ocrx_word' id='word_1_179' title='bbox 767 2135 851 2195; x_wconf 89' lang='lat' dir='ltr'>nobis</span> <span class='ocrx_word' id='word_1_180' title='bbox 870 2133 1041 2214; x_wconf 81' lang='lat' dir='ltr'>suffragium</span> <span class='ocrx_word' id='word_1_181' title='bbox 1056 2138 1195 2214; x_wconf 82' lang='lat' dir='ltr'>tulerunt,</span> <span class='ocrx_word' id='word_1_182' title='bbox 1217 2145 1365 2206; x_wconf 86' lang='lat' dir='ltr'>contraria</span> 
     </span>
     <span class='ocr_line' id='line_1_21' title="bbox 204 2227 1364 2310; baseline 0.009 -23"><span class='ocrx_word' id='word_1_183' title='bbox 204 2293 207 2299; x_wconf 57' lang='grc'><em>,</em></span> <span class='ocrx_word' id='word_1_184' title='bbox 264 2248 318 2309; x_wconf 85' lang='lat' dir='ltr'>per</span> <span class='ocrx_word' id='word_1_185' title='bbox 329 2229 401 2288; x_wconf 90' lang='lat' dir='ltr'>istos</span> <span class='ocrx_word' id='word_1_186' title='bbox 414 2227 575 2290; x_wconf 83' lang='lat' dir='ltr'>accidisse:</span> <span class='ocrx_word' id='word_1_187' title='bbox 598 2238 630 2287; x_wconf 88' lang='lat' dir='ltr'>et</span> <span class='ocrx_word' id='word_1_188' title='bbox 642 2228 794 2306; x_wconf 74' lang='lat' dir='ltr'>neglectos</span> <span class='ocrx_word' id='word_1_189' title='bbox 804 2245 880 2298; x_wconf 86' lang='lat' dir='ltr'>esse,</span> <span class='ocrx_word' id='word_1_190' title='bbox 893 2227 927 2286; x_wconf 90' lang='lat' dir='ltr'>iis</span> <span class='ocrx_word' id='word_1_191' title='bbox 937 2228 1065 2306; x_wconf 81' lang='lat' dir='ltr'>acceptis</span> <span class='ocrx_word' id='word_1_192' title='bbox 1075 2229 1170 2304; x_wconf 88' lang='lat' dir='ltr'>malis,</span> <span class='ocrx_word' id='word_1_193' title='bbox 1181 2235 1279 2310; x_wconf 83' lang='lat' dir='ltr'>qualia</span> <span class='ocrx_word' id='word_1_194' title='bbox 1293 2235 1364 2299; x_wconf 86' lang='lat' dir='ltr'>nulli</span> 
     </span>
     <span class='ocr_line' id='line_1_22' title="bbox 266 2317 1362 2410; baseline -0.004 -30"><span class='ocrx_word' id='word_1_195' title='bbox 266 2321 437 2381; x_wconf 78' lang='lat' dir='ltr'>Graecorum</span> <span class='ocrx_word' id='word_1_196' title='bbox 453 2318 503 2379; x_wconf 88' lang='lat' dir='ltr'>alii</span> <span class='ocrx_word' id='word_1_197' title='bbox 516 2319 716 2399; x_wconf 68' lang='lat' dir='ltr'>acceperunt?</span> <span class='ocrx_word' id='word_1_198' title='bbox 736 2318 812 2385; x_wconf 83' lang='lat' dir='ltr'>Quis</span> <span class='ocrx_word' id='word_1_199' title='bbox 824 2317 911 2396; x_wconf 77' lang='lat' dir='ltr'>igitur</span> <span class='ocrx_word' id='word_1_200' title='bbox 923 2335 1023 2378; x_wconf 85' lang='lat' dir='ltr'>eornm</span> <span class='ocrx_word' id='word_1_201' title='bbox 1044 2323 1169 2382; x_wconf 69' lang='lat' dir='ltr'>auctor?</span> <span class='ocrx_word' id='word_1_202' title='bbox 1192 2326 1257 2402; x_wconf 86' lang='lat' dir='ltr'>qais</span> <span class='ocrx_word' id='word_1_203' title='bbox 1271 2327 1362 2410; x_wconf 78' lang='lat' dir='ltr'>impo.</span> 
     </span>
     <span class='ocr_line' id='line_1_23' title="bbox 265 2409 721 2474; baseline -0.011 0"><span class='ocrx_word' id='word_1_204' title='bbox 265 2425 355 2474; x_wconf 75' lang='lat' dir='ltr'>sturm</span> <span class='ocrx_word' id='word_1_205' title='bbox 369 2409 494 2473; x_wconf 77' lang='lat' dir='ltr'>artifexi</span> <span class='ocrx_word' id='word_1_206' title='bbox 514 2433 552 2472; x_wconf 90' lang='lat' dir='ltr'>an</span> <span class='ocrx_word' id='word_1_207' title='bbox 571 2429 631 2471; x_wconf 88' lang='lat' dir='ltr'>non</span> <span class='ocrx_word' id='word_1_208' title='bbox 644 2411 721 2471; x_wconf 69' lang='lat' dir='ltr'>iste?</span> 
     </span>
    </p>

    <p class='ocr_par' dir='ltr' id='par_1_4' title="bbox 205 2502 1364 3132">
     <span class='ocr_line' id='line_1_24' title="bbox 305 2502 1363 2593; baseline 0.011 -29"><span class='ocrx_word' id='word_1_209' title='bbox 305 2510 356 2567; x_wconf 74' lang='lat'>28.</span> <span class='ocrx_word' id='word_1_210' title='bbox 377 2506 577 2575; x_wconf 80' lang='lat' dir='ltr'>comantem,</span> <span class='ocrx_word' id='word_1_211' title='bbox 599 2502 803 2575; x_wconf 80' lang='lat' dir='ltr'>Athenienses,</span> <span class='ocrx_word' id='word_1_212' title='bbox 817 2502 935 2564; x_wconf 73' lang='lat' dir='ltr'>fortuna</span> <span class='ocrx_word' id='word_1_213' title='bbox 953 2504 1078 2586; x_wconf 87' lang='lat' dir='ltr'>Philippi</span> <span class='ocrx_word' id='word_1_214' title='bbox 1091 2508 1191 2571; x_wconf 83' lang='lat' dir='ltr'>multis</span> <span class='ocrx_word' id='word_1_215' title='bbox 1204 2514 1363 2593; x_wconf 70' lang='lat' dir='ltr'>sit-praedi·-</span> 
     </span>
     <span class='ocr_line' id='line_1_25' title="bbox 205 2593 1364 2683; baseline 0.003 -25"><span class='ocrx_word' id='word_1_216' title='bbox 205 2620 209 2625; x_wconf 87' lang='lat'><em>·</em></span> <span class='ocrx_word' id='word_1_217' title='bbox 266 2597 363 2659; x_wconf 82' lang='lat' dir='ltr'>canda</span> <span class='ocrx_word' id='word_1_218' title='bbox 375 2596 552 2664; x_wconf 88' lang='lat' dir='ltr'>nominibus,</span> <span class='ocrx_word' id='word_1_219' title='bbox 575 2604 637 2652; x_wconf 90' lang='lat' dir='ltr'>tum</span> <span class='ocrx_word' id='word_1_220' title='bbox 650 2612 720 2653; x_wconf 78' lang='lat' dir='ltr'>vero</span> <span class='ocrx_word' id='word_1_221' title='bbox 731 2593 790 2653; x_wconf 90' lang='lat' dir='ltr'>hoc</span> <span class='ocrx_word' id='word_1_222' title='bbox 805 2593 999 2654; x_wconf 83' lang='lat' dir='ltr'>felicissimum</span> <span class='ocrx_word' id='word_1_223' title='bbox 1019 2598 1046 2657; x_wconf 90' lang='lat' dir='ltr'>ei</span> <span class='ocrx_word' id='word_1_224' title='bbox 1063 2599 1196 2681; x_wconf 86' lang='lat' dir='ltr'>contigit,</span> <span class='ocrx_word' id='word_1_225' title='bbox 1214 2605 1304 2683; x_wconf 89' lang='lat' dir='ltr'>quod,</span> <span class='ocrx_word' id='word_1_226' title='bbox 1316 2608 1364 2667; x_wconf 79' lang='lat' dir='ltr'>&#39;ita</span> 
     </span>
     <span class='ocr_line' id='line_1_26' title="bbox 266 2683 1363 2772; baseline 0.003 -23"><span class='ocrx_word' id='word_1_227' title='bbox 266 2710 313 2749; x_wconf 89' lang='lat' dir='ltr'>me</span> <span class='ocrx_word' id='word_1_228' title='bbox 327 2688 368 2748; x_wconf 90' lang='lat' dir='ltr'>dii</span> <span class='ocrx_word' id='word_1_229' title='bbox 382 2688 506 2765; x_wconf 72' lang='lat' dir='ltr'>deeque</span> <span class='ocrx_word' id='word_1_230' title='bbox 526 2702 629 2745; x_wconf 87' lang='lat' dir='ltr'>omnes</span> <span class='ocrx_word' id='word_1_231' title='bbox 648 2694 757 2756; x_wconf 84' lang='lat' dir='ltr'>ament,</span> <span class='ocrx_word' id='word_1_232' title='bbox 775 2683 855 2744; x_wconf 87' lang='lat' dir='ltr'>haud</span> <span class='ocrx_word' id='word_1_233' title='bbox 872 2686 934 2746; x_wconf 87' lang='lat' dir='ltr'>seio</span> <span class='ocrx_word' id='word_1_234' title='bbox 954 2706 992 2748; x_wconf 90' lang='lat' dir='ltr'>an</span> <span class='ocrx_word' id='word_1_235' title='bbox 1013 2688 1064 2748; x_wconf 86' lang='lat' dir='ltr'>ulli</span> <span class='ocrx_word' id='word_1_236' title='bbox 1083 2686 1239 2772; x_wconf 80' lang='lat' dir='ltr'>contigerit</span> <span class='ocrx_word' id='word_1_237' title='bbox 1256 2699 1363 2758; x_wconf 71' lang='lat' dir='ltr'>amnis</span> 
     </span>
     <span class='ocr_line' id='line_1_27' title="bbox 217 2776 1364 2867; baseline 0.007 -26"><span class='ocrx_word' id='word_1_238' title='bbox 217 2830 233 2841; x_wconf 86' lang='lat'>..</span> <span class='ocrx_word' id='word_1_239' title='bbox 264 2781 450 2859; x_wconf 72' lang='lat' dir='ltr'>temporibus.</span> <span class='ocrx_word' id='word_1_240' title='bbox 464 2776 632 2836; x_wconf 88' lang='lat' dir='ltr'>Namurbes</span> <span class='ocrx_word' id='word_1_241' title='bbox 642 2792 765 2855; x_wconf 75' lang='lat' dir='ltr'>magnes</span> <span class='ocrx_word' id='word_1_242' title='bbox 774 2776 897 2855; x_wconf 84' lang='lat' dir='ltr'>cepisse,</span> <span class='ocrx_word' id='word_1_243' title='bbox 905 2778 1050 2840; x_wconf 88' lang='lat' dir='ltr'>etmultas</span> <span class='ocrx_word' id='word_1_244' title='bbox 1059 2782 1192 2845; x_wconf 87' lang='lat' dir='ltr'>nationes</span> <span class='ocrx_word' id='word_1_245' title='bbox 1201 2788 1364 2867; x_wconf 79' lang='lat' dir='ltr'>subegisse,</span> 
     </span>
     <span class='ocr_line' id='line_1_28' title="bbox 266 2866 1362 2959; baseline 0.01 -29"><span class='ocrx_word' id='word_1_246' title='bbox 266 2880 297 2936; x_wconf 84' lang='lat' dir='ltr'>et</span> <span class='ocrx_word' id='word_1_247' title='bbox 309 2871 372 2949; x_wconf 85' lang='lat' dir='ltr'>ejus</span> <span class='ocrx_word' id='word_1_248' title='bbox 394 2868 509 2949; x_wconf 86' lang='lat' dir='ltr'>generis</span> <span class='ocrx_word' id='word_1_249' title='bbox 529 2868 636 2939; x_wconf 85' lang='lat' dir='ltr'>omnia,</span> <span class='ocrx_word' id='word_1_250' title='bbox 654 2866 843 2946; x_wconf 75' lang='lat' dir='ltr'>praedicanda</span> <span class='ocrx_word' id='word_1_251' title='bbox 861 2886 932 2931; x_wconf 83' lang='lat' dir='ltr'>sane</span> <span class='ocrx_word' id='word_1_252' title='bbox 954 2882 1033 2943; x_wconf 89' lang='lat' dir='ltr'>sunt,</span> <span class='ocrx_word' id='word_1_253' title='bbox 1055 2882 1084 2931; x_wconf 88' lang='lat' dir='ltr'>et</span> <span class='ocrx_word' id='word_1_254' title='bbox 1101 2874 1273 2953; x_wconf 86' lang='lat' dir='ltr'>spleridida:</span> <span class='ocrx_word' id='word_1_255' title='bbox 1297 2882 1362 2959; x_wconf 83' lang='lat' dir='ltr'>quie</span> 
     </span>
     <span class='ocr_line' id='line_1_29' title="bbox 266 2956 1361 3049; baseline 0.008 -28"><span class='ocrx_word' id='word_1_256' title='bbox 266 2962 343 3021; x_wconf 85' lang='lat' dir='ltr'>enim</span> <span class='ocrx_word' id='word_1_257' title='bbox 358 2958 467 3037; x_wconf 71' lang='lat' dir='ltr'>neget?</span> <span class='ocrx_word' id='word_1_258' title='bbox 489 2958 543 3018; x_wconf 88' lang='lat' dir='ltr'>sed</span> <span class='ocrx_word' id='word_1_259' title='bbox 557 2958 670 3030; x_wconf 90' lang='lat' dir='ltr'>eadem,</span> <span class='ocrx_word' id='word_1_260' title='bbox 690 2958 723 3017; x_wconf 77' lang='lat' dir='ltr'>e&#39;t</span> <span class='ocrx_word' id='word_1_261' title='bbox 735 2958 758 3019; x_wconf 74' lang='lat' dir='ltr'>a&#39;</span> <span class='ocrx_word' id='word_1_262' title='bbox 771 2956 869 3017; x_wconf 86' lang='lat' dir='ltr'>multis</span> <span class='ocrx_word' id='word_1_263' title='bbox 890 2958 955 3023; x_wconf 75' lang='lat' dir='ltr'>aliis</span> <span class='ocrx_word' id='word_1_264' title='bbox 974 2958 1221 3027; x_wconf 79' lang='lat' dir='ltr'>factarecenseri</span> <span class='ocrx_word' id='word_1_265' title='bbox 1243 2968 1361 3049; x_wconf 86' lang='lat' dir='ltr'>queant.</span> 
     </span>
     <span class='ocr_line' id='line_1_30' title="bbox 267 3050 1363 3132; baseline 0.013 -21"><span class='ocrx_word' id='word_1_266' title='bbox 267 3054 350 3112; x_wconf 84' lang='lat' dir='ltr'>illam</span> <span class='ocrx_word' id='word_1_267' title='bbox 369 3050 554 3132; x_wconf 76' lang='lat' dir='ltr'>peculiarem,</span> <span class='ocrx_word' id='word_1_268' title='bbox 567 3060 598 3110; x_wconf 85' lang='lat' dir='ltr'>et</span> <span class='ocrx_word' id='word_1_269' title='bbox 617 3069 686 3110; x_wconf 91' lang='lat' dir='ltr'>cum</span> <span class='ocrx_word' id='word_1_270' title='bbox 705 3051 764 3111; x_wconf 86' lang='lat' dir='ltr'>alio</span> <span class='ocrx_word' id='word_1_271' title='bbox 787 3050 901 3115; x_wconf 86' lang='lat' dir='ltr'>nemine</span> <span class='ocrx_word' id='word_1_272' title='bbox 915 3054 1045 3129; x_wconf 86' lang='lat' dir='ltr'>omnium</span> <span class='ocrx_word' id='word_1_273' title='bbox 1069 3076 1251 3122; x_wconf 88' lang='lat' dir='ltr'>communem</span> <span class='ocrx_word' id='word_1_274' title='bbox 1273 3064 1363 3127; x_wconf 86' lang='lat' dir='ltr'>habet</span> 
     </span>
    </p>

    <p class='ocr_par' dir='ltr' id='par_1_5' title="bbox 188 3140 1362 3317">
     <span class='ocr_line' id='line_1_31' title="bbox 217 3140 1362 3225; baseline 0.009 -20"><span class='ocrx_word' id='word_1_275' title='bbox 217 3160 222 3171; x_wconf 90' lang='lat'><strong>·</strong></span> <span class='ocrx_word' id='word_1_276' title='bbox 265 3144 422 3205; x_wconf 79' lang='lat' dir='ltr'>fortunam.</span> <span class='ocrx_word' id='word_1_277' title='bbox 452 3140 572 3209; x_wconf 67' lang='lat' dir='ltr'>Quam?</span> <span class='ocrx_word' id='word_1_278' title='bbox 592 3142 682 3221; x_wconf 92' lang='lat' dir='ltr'>quod,</span> <span class='ocrx_word' id='word_1_279' title='bbox 696 3160 762 3202; x_wconf 90' lang='lat' dir='ltr'>cum</span> <span class='ocrx_word' id='word_1_280' title='bbox 776 3144 922 3224; x_wconf 88' lang='lat' dir='ltr'>improbos</span> <span class='ocrx_word' id='word_1_281' title='bbox 936 3145 1068 3209; x_wconf 85' lang='lat' dir='ltr'>homines</span> <span class='ocrx_word' id='word_1_282' title='bbox 1082 3150 1119 3210; x_wconf 87' lang='lat' dir='ltr'>ad</span> <span class='ocrx_word' id='word_1_283' title='bbox 1135 3170 1204 3213; x_wconf 85' lang='lat' dir='ltr'>suas</span> <span class='ocrx_word' id='word_1_284' title='bbox 1224 3174 1270 3215; x_wconf 87' lang='lat' dir='ltr'>ros</span> <span class='ocrx_word' id='word_1_285' title='bbox 1292 3176 1362 3225; x_wconf 81' lang='lat' dir='ltr'>corr-</span> 
     </span>
     <span class='ocr_line' id='line_1_32' title="bbox 188 3228 1362 3317; baseline 0.012 -20"><span class='ocrx_word' id='word_1_286' title='bbox 188 3257 191 3264; x_wconf 90' lang='lat'>·</span> <span class='ocrx_word' id='word_1_287' title='bbox 266 3237 405 3299; x_wconf 86' lang='lat' dir='ltr'>deiendas</span> <span class='ocrx_word' id='word_1_288' title='bbox 418 3236 587 3316; x_wconf 87' lang='lat' dir='ltr'>requireret,</span> <span class='ocrx_word' id='word_1_289' title='bbox 596 3233 784 3313; x_wconf 81' lang='lat' dir='ltr'>improbiores</span> <span class='ocrx_word' id='word_1_290' title='bbox 797 3236 904 3317; x_wconf 87' lang='lat' dir='ltr'>reperit</span> <span class='ocrx_word' id='word_1_291' title='bbox 915 3258 1004 3317; x_wconf 83' lang='lat' dir='ltr'>qnam</span> <span class='ocrx_word' id='word_1_292' title='bbox 1017 3228 1165 3303; x_wconf 75' lang='lat' dir='ltr'>voluisset</span> <span class='ocrx_word' id='word_1_293' title='bbox 1186 3246 1271 3315; x_wconf 83' lang='lat' dir='ltr'>,Quis</span> <span class='ocrx_word' id='word_1_294' title='bbox 1285 3250 1362 3311; x_wconf 88' lang='lat' dir='ltr'>enim</span> 
     </span>
    </p>
   </div>
   <div class='ocr_carea' id='block_1_3' title="bbox 150 3326 1367 3419">
    <p class='ocr_par' dir='ltr' id='par_1_6' title="bbox 150 3326 1367 3419">
     <span class='ocr_line' id='line_1_33' title="bbox 150 3326 1367 3419; baseline 0.014 -32"><span class='ocrx_word' id='word_1_295' title='bbox 150 3354 155 3361; x_wconf 95' lang='lat'>·</span> <span class='ocrx_word' id='word_1_296' title='bbox 264 3332 338 3391; x_wconf 83' lang='lat' dir='ltr'>istos</span> <span class='ocrx_word' id='word_1_297' title='bbox 351 3330 426 3412; x_wconf 84' lang='lat' dir='ltr'>tales</span> <span class='ocrx_word' id='word_1_298' title='bbox 437 3349 503 3389; x_wconf 89' lang='lat' dir='ltr'>esse</span> <span class='ocrx_word' id='word_1_299' title='bbox 517 3346 576 3386; x_wconf 89' lang='lat' dir='ltr'>non</span> <span class='ocrx_word' id='word_1_300' title='bbox 588 3327 724 3399; x_wconf 82' lang='lat' dir='ltr'>fateatur,</span> <span class='ocrx_word' id='word_1_301' title='bbox 736 3326 879 3407; x_wconf 89' lang='lat' dir='ltr'>siquidem</span> <span class='ocrx_word' id='word_1_302' title='bbox 892 3348 959 3407; x_wconf 76' lang='lat' dir='ltr'>qum</span> <span class='ocrx_word' id='word_1_303' title='bbox 972 3351 1029 3392; x_wconf 89' lang='lat' dir='ltr'>nec</span> <span class='ocrx_word' id='word_1_304' title='bbox 1042 3334 1105 3413; x_wconf 85' lang='lat' dir='ltr'>ipse</span> <span class='ocrx_word' id='word_1_305' title='bbox 1120 3334 1283 3419; x_wconf 83' lang='lat' dir='ltr'>Philippus,</span> <span class='ocrx_word' id='word_1_306' title='bbox 1294 3362 1367 3403; x_wconf 87' lang='lat' dir='ltr'>cum</span> 
     </span>
    </p>
   </div>
   <div class='ocr_carea' id='block_1_4' title="bbox 194 3420 1460 4339">
    <p class='ocr_par' dir='ltr' id='par_1_7' title="bbox 194 3420 1399 4247">
     <span class='ocr_line' id='line_1_34' title="bbox 267 3420 1363 3503; baseline 0.016 -24"><span class='ocrx_word' id='word_1_307' title='bbox 267 3421 332 3500; x_wconf 86' lang='lat' dir='ltr'>ejds</span> <span class='ocrx_word' id='word_1_308' title='bbox 345 3432 427 3481; x_wconf 86' lang='lat' dir='ltr'>tanta</span> <span class='ocrx_word' id='word_1_309' title='bbox 439 3441 486 3481; x_wconf 88' lang='lat' dir='ltr'>res</span> <span class='ocrx_word' id='word_1_310' title='bbox 501 3429 646 3503; x_wconf 76' lang='lat' dir='ltr'>ageretur,</span> <span class='ocrx_word' id='word_1_311' title='bbox 664 3420 795 3479; x_wconf 85' lang='lat' dir='ltr'>ementiri</span> <span class='ocrx_word' id='word_1_312' title='bbox 809 3421 946 3495; x_wconf 77' lang='lat' dir='ltr'>audebat,</span> <span class='ocrx_word' id='word_1_313' title='bbox 961 3442 1015 3483; x_wconf 90' lang='lat' dir='ltr'>nec</span> <span class='ocrx_word' id='word_1_314' title='bbox 1028 3425 1057 3484; x_wconf 92' lang='lat' dir='ltr'>in</span> <span class='ocrx_word' id='word_1_315' title='bbox 1071 3427 1147 3489; x_wconf 87' lang='lat' dir='ltr'>ullas</span> <span class='ocrx_word' id='word_1_316' title='bbox 1161 3430 1316 3496; x_wconf 72' lang='lat' dir='ltr'>inscribere</span> <span class='ocrx_word' id='word_1_317' title='bbox 1329 3436 1363 3496; x_wconf 86' lang='lat' dir='ltr'>li·</span> 
     </span>
     <span class='ocr_line' id='line_1_35' title="bbox 266 3510 1364 3608; baseline 0.015 -35"><span class='ocrx_word' id='word_1_318' title='bbox 266 3525 353 3585; x_wconf 88' lang='lat' dir='ltr'>teras,</span> <span class='ocrx_word' id='word_1_319' title='bbox 368 3532 463 3589; x_wconf 87' lang='lat' dir='ltr'>neque</span> <span class='ocrx_word' id='word_1_320' title='bbox 476 3513 640 3593; x_wconf 83' lang='lat' dir='ltr'>legatorum</span> <span class='ocrx_word' id='word_1_321' title='bbox 652 3515 716 3591; x_wconf 87' lang='lat' dir='ltr'>ejus</span> <span class='ocrx_word' id='word_1_322' title='bbox 729 3510 906 3587; x_wconf 81' lang='lat' dir='ltr'>ullus&#39;dixit,</span> <span class='ocrx_word' id='word_1_323' title='bbox 920 3513 959 3576; x_wconf 90' lang='lat' dir='ltr'>ad</span> <span class='ocrx_word' id='word_1_324' title='bbox 972 3534 1008 3575; x_wconf 86' lang='lat' dir='ltr'>ea</span> <span class='ocrx_word' id='word_1_325' title='bbox 1027 3516 1074 3577; x_wconf 89' lang='lat' dir='ltr'>isti</span> <span class='ocrx_word' id='word_1_326' title='bbox 1094 3520 1260 3587; x_wconf 81' lang='lat' dir='ltr'>locatasua</span> <span class='ocrx_word' id='word_1_327' title='bbox 1273 3536 1364 3608; x_wconf 85' lang='lat' dir='ltr'>opera</span> 
     </span>
     <span class='ocr_line' id='line_1_36' title="bbox 265 3603 1363 3689; baseline 0.015 -24"><span class='ocrx_word' id='word_1_328' title='bbox 265 3610 324 3665; x_wconf 80' lang='lat' dir='ltr'>vos</span> <span class='ocrx_word' id='word_1_329' title='bbox 332 3603 530 3682; x_wconf 71' lang='lat' dir='ltr'>deceperunt?</span> <span class='ocrx_word' id='word_1_330' title='bbox 552 3603 596 3663; x_wconf 81' lang='lat' dir='ltr'>Ac</span> <span class='ocrx_word' id='word_1_331' title='bbox 610 3603 763 3684; x_wconf 80' lang='lat' dir='ltr'>Antipater</span> <span class='ocrx_word' id='word_1_332' title='bbox 775 3605 894 3683; x_wconf 87' lang='lat' dir='ltr'>quidem</span> <span class='ocrx_word' id='word_1_333' title='bbox 911 3615 943 3689; x_wconf 84' lang='lat' dir='ltr'>et</span> <span class='ocrx_word' id='word_1_334' title='bbox 956 3607 1120 3683; x_wconf 83' lang='lat' dir='ltr'>Parmenio,</span> <span class='ocrx_word' id='word_1_335' title='bbox 1133 3615 1251 3678; x_wconf 89' lang='lat' dir='ltr'>domino</span> <span class='ocrx_word' id='word_1_336' title='bbox 1270 3621 1363 3681; x_wconf 89' lang='lat' dir='ltr'>inser-</span> 
     </span>
     <span class='ocr_line' id='line_1_37' title="bbox 264 3696 1362 3789; baseline 0.017 -33"><span class='ocrx_word' id='word_1_337' title='bbox 264 3697 389 3783; x_wconf 42' lang='lat' dir='ltr'>viente&amp;</span> <span class='ocrx_word' id='word_1_338' title='bbox 398 3714 492 3773; x_wconf 85' lang='lat' dir='ltr'>neque</span> <span class='ocrx_word' id='word_1_339' title='bbox 500 3696 639 3774; x_wconf 89' lang='lat' dir='ltr'>deinceps</span> <span class='ocrx_word' id='word_1_340' title='bbox 649 3697 822 3781; x_wconf 77' lang='lat' dir='ltr'>collocuturi</span> <span class='ocrx_word' id='word_1_341' title='bbox 829 3697 1097 3774; x_wconf 86' lang='lat' dir='ltr'>vobiscum,tamen</span> <span class='ocrx_word' id='word_1_342' title='bbox 1103 3705 1138 3765; x_wconf 87' lang='lat' dir='ltr'>id</span> <span class='ocrx_word' id='word_1_343' title='bbox 1148 3710 1362 3789; x_wconf 80' lang='lat' dir='ltr'>excogitarunt,</span> 
     </span>
     <span class='ocr_line' id='line_1_38' title="bbox 266 3784 1364 3869; baseline 0.024 -31"><span class='ocrx_word' id='word_1_344' title='bbox 266 3808 304 3849; x_wconf 72' lang='lat' dir='ltr'>ne</span> <span class='ocrx_word' id='word_1_345' title='bbox 318 3806 370 3867; x_wconf 79' lang='lat' dir='ltr'>per</span> <span class='ocrx_word' id='word_1_346' title='bbox 387 3804 420 3845; x_wconf 87' lang='lat' dir='ltr'>se</span> <span class='ocrx_word' id='word_1_347' title='bbox 434 3804 486 3844; x_wconf 86' lang='lat' dir='ltr'>ros</span> <span class='ocrx_word' id='word_1_348' title='bbox 500 3784 726 3863; x_wconf 88' lang='lat' dir='ltr'>deciperemini:</span> <span class='ocrx_word' id='word_1_349' title='bbox 747 3788 796 3847; x_wconf 90' lang='lat' dir='ltr'>isti</span> <span class='ocrx_word' id='word_1_350' title='bbox 806 3807 874 3848; x_wconf 84' lang='lat' dir='ltr'>vero</span> <span class='ocrx_word' id='word_1_351' title='bbox 887 3790 1077 3869; x_wconf 79' lang='lat' dir='ltr'>Athenarum,</span> <span class='ocrx_word' id='word_1_352' title='bbox 1085 3796 1242 3860; x_wconf 77' lang='lat' dir='ltr'>¹liberrimae</span> <span class='ocrx_word' id='word_1_353' title='bbox 1260 3804 1364 3868; x_wconf 74' lang='lat' dir='ltr'>cirita-</span> 
     </span>
     <span class='ocr_line' id='line_1_39' title="bbox 265 3876 1364 3965; baseline 0.015 -24"><span class='ocrx_word' id='word_1_354' title='bbox 265 3882 312 3954; x_wconf 88' lang='lat' dir='ltr'>tis,</span> <span class='ocrx_word' id='word_1_355' title='bbox 326 3877 417 3958; x_wconf 76' lang='lat' dir='ltr'>legati</span> <span class='ocrx_word' id='word_1_356' title='bbox 429 3876 545 3947; x_wconf 84' lang='lat' dir='ltr'>deiecti,-</span> <span class='ocrx_word' id='word_1_357' title='bbox 558 3896 621 3949; x_wconf 81' lang='lat' dir='ltr'>roa,</span> <span class='ocrx_word' id='word_1_358' title='bbox 636 3895 713 3954; x_wconf 85' lang='lat' dir='ltr'>quos</span> <span class='ocrx_word' id='word_1_359' title='bbox 730 3879 832 3939; x_wconf 82' lang='lat' dir='ltr'>obvios</span> <span class='ocrx_word' id='word_1_360' title='bbox 849 3880 963 3948; x_wconf 85' lang='lat' dir='ltr'>intueri,</span> <span class='ocrx_word' id='word_1_361' title='bbox 977 3902 1044 3944; x_wconf 87' lang='lat' dir='ltr'>cum</span> <span class='ocrx_word' id='word_1_362' title='bbox 1064 3888 1170 3965; x_wconf 88' lang='lat' dir='ltr'>quibus</span> <span class='ocrx_word' id='word_1_363' title='bbox 1184 3892 1364 3959; x_wconf 76' lang='lat' dir='ltr'>familiariter</span> 
     </span>
     <span class='ocr_line' id='line_1_40' title="bbox 265 3966 1361 4061; baseline 0.013 -28"><span class='ocrx_word' id='word_1_364' title='bbox 265 3974 361 4034; x_wconf 79' lang='lat' dir='ltr'>risere</span> <span class='ocrx_word' id='word_1_365' title='bbox 373 3969 485 4054; x_wconf 76' lang='lat' dir='ltr'>reliquo</span> <span class='ocrx_word' id='word_1_366' title='bbox 498 3966 565 4027; x_wconf 84' lang='lat' dir='ltr'>ritae</span> <span class='ocrx_word' id='word_1_367' title='bbox 578 3976 710 4047; x_wconf 88' lang='lat' dir='ltr'>tempore</span> <span class='ocrx_word' id='word_1_368' title='bbox 723 3988 846 4031; x_wconf 85' lang='lat' dir='ltr'>necesse</span> <span class='ocrx_word' id='word_1_369' title='bbox 859 3972 979 4048; x_wconf 90' lang='lat' dir='ltr'>habent,</span> <span class='ocrx_word' id='word_1_370' title='bbox 993 3986 1023 4036; x_wconf 91' lang='lat' dir='ltr'>et</span> <span class='ocrx_word' id='word_1_371' title='bbox 1037 3979 1123 4057; x_wconf 87' lang='lat' dir='ltr'>apud.</span> <span class='ocrx_word' id='word_1_372' title='bbox 1131 4002 1205 4061; x_wconf 83' lang='lat' dir='ltr'>quos</span> <span class='ocrx_word' id='word_1_373' title='bbox 1217 3986 1361 4049; x_wconf 80' lang='lat' dir='ltr'>rationem</span> 
     </span>
     <span class='ocr_line' id='line_1_41' title="bbox 194 4060 1362 4149; baseline 0.014 -23"><span class='ocrx_word' id='word_1_374' title='bbox 194 4122 202 4137; x_wconf 86' lang='lat'>,</span> <span class='ocrx_word' id='word_1_375' title='bbox 266 4075 397 4127; x_wconf 86' lang='lat' dir='ltr'>actorum</span> <span class='ocrx_word' id='word_1_376' title='bbox 411 4060 549 4123; x_wconf 87' lang='lat' dir='ltr'>redditori</span> <span class='ocrx_word' id='word_1_377' title='bbox 562 4068 655 4128; x_wconf 85' lang='lat' dir='ltr'>erant.</span> <span class='ocrx_word' id='word_1_378' title='bbox 671 4078 724 4118; x_wconf 85' lang='lat' dir='ltr'>uos</span> <span class='ocrx_word' id='word_1_379' title='bbox 737 4062 855 4141; x_wconf 88' lang='lat' dir='ltr'>inquam</span> <span class='ocrx_word' id='word_1_380' title='bbox 874 4065 1008 4146; x_wconf 86' lang='lat' dir='ltr'>decipere</span> <span class='ocrx_word' id='word_1_381' title='bbox 1023 4088 1082 4130; x_wconf 88' lang='lat' dir='ltr'>non</span> <span class='ocrx_word' id='word_1_382' title='bbox 1096 4072 1273 4140; x_wconf 80' lang='lat' dir='ltr'>dubitarunt.</span> <span class='ocrx_word' id='word_1_383' title='bbox 1293 4082 1362 4149; x_wconf 84' lang='lat' dir='ltr'>Quo</span> 
     </span>
     <span class='ocr_line' id='line_1_42' title="bbox 265 4151 1399 4247; baseline 0.012 -29"><span class='ocrx_word' id='word_1_384' title='bbox 265 4154 495 4238; x_wconf 87' lang='lat' dir='ltr'>pactohomines</span> <span class='ocrx_word' id='word_1_385' title='bbox 509 4151 563 4212; x_wconf 88' lang='lat' dir='ltr'>olli</span> <span class='ocrx_word' id='word_1_386' title='bbox 575 4152 763 4232; x_wconf 81' lang='lat' dir='ltr'>improbiores</span> <span class='ocrx_word' id='word_1_387' title='bbox 777 4164 828 4215; x_wconf 88' lang='lat' dir='ltr'>ant</span> <span class='ocrx_word' id='word_1_388' title='bbox 840 4158 1050 4237; x_wconf 80' lang='lat' dir='ltr'>profligatiores</span> <span class='ocrx_word' id='word_1_389' title='bbox 1061 4152 1278 4247; x_wconf 74' lang='lat' dir='ltr'>esse-queant?¹</span> <span class='ocrx_word' id='word_1_390' title='bbox 1348 4218 1352 4225; x_wconf 91' lang='lat'>.</span> <span class='ocrx_word' id='word_1_391' title='bbox 1398 4233 1399 4241; x_wconf 63' lang='grc'>,</span> 
     </span>
    </p>

    <p class='ocr_par' dir='ltr' id='par_1_8' title="bbox 305 4246 1460 4339">
     <span class='ocr_line' id='line_1_43' title="bbox 305 4246 1460 4339; baseline 0.021 -32"><span class='ocrx_word' id='word_1_392' title='bbox 305 4250 357 4307; x_wconf 73' lang='lat'>24.</span> <span class='ocrx_word' id='word_1_393' title='bbox 379 4249 421 4307; x_wconf 91' lang='lat' dir='ltr'>Ut</span> <span class='ocrx_word' id='word_1_394' title='bbox 432 4256 530 4309; x_wconf 88' lang='lat' dir='ltr'>autem</span> <span class='ocrx_word' id='word_1_395' title='bbox 541 4246 648 4314; x_wconf 84' lang='lat' dir='ltr'>sciatis.</span> <span class='ocrx_word' id='word_1_396' title='bbox 663 4248 848 4308; x_wconf 86' lang='lat' dir='ltr'>eumarobis</span> <span class='ocrx_word' id='word_1_397' title='bbox 859 4250 928 4311; x_wconf 87' lang='lat' dir='ltr'>diris</span> <span class='ocrx_word' id='word_1_398' title='bbox 936 4254 1287 4339; x_wconf 85' lang='lat' dir='ltr'>etiamirnprecationibus</span> <span class='ocrx_word' id='word_1_399' title='bbox 1296 4286 1363 4331; x_wconf 83' lang='lat' dir='ltr'>esse</span> <span class='ocrx_word' id='word_1_400' title='bbox 1459 4264 1460 4281; x_wconf 58' lang='lat'>¹</span> 
     </span>
    </p>
   </div>
   <div class='ocr_carea' id='block_1_5' title="bbox 265 4336 1360 4521">
    <p class='ocr_par' dir='ltr' id='par_1_9' title="bbox 265 4336 1360 4521">
     <span class='ocr_line' id='line_1_44' title="bbox 265 4336 1360 4430; baseline 0.017 -31"><span class='ocrx_word' id='word_1_401' title='bbox 265 4336 435 4417; x_wconf 75' lang='lat' dir='ltr'>obligatum,</span> <span class='ocrx_word' id='word_1_402' title='bbox 449 4348 480 4399; x_wconf 86' lang='lat' dir='ltr'>et</span> <span class='ocrx_word' id='word_1_403' title='bbox 492 4340 575 4399; x_wconf 78' lang='lat' dir='ltr'>nefas</span> <span class='ocrx_word' id='word_1_404' title='bbox 588 4358 653 4399; x_wconf 89' lang='lat' dir='ltr'>esse</span> <span class='ocrx_word' id='word_1_405' title='bbox 667 4338 750 4399; x_wconf 87' lang='lat' dir='ltr'>robis</span> <span class='ocrx_word' id='word_1_406' title='bbox 765 4348 795 4398; x_wconf 85' lang='lat' dir='ltr'>et</span> <span class='ocrx_word' id='word_1_407' title='bbox 807 4339 935 4421; x_wconf 90' lang='lat' dir='ltr'>impium,</span> <span class='ocrx_word' id='word_1_408' title='bbox 951 4345 1020 4405; x_wconf 85' lang='lat' dir='ltr'>talia</span> <span class='ocrx_word' id='word_1_409' title='bbox 1032 4345 1186 4421; x_wconf 81' lang='lat' dir='ltr'>mentitum</span> <span class='ocrx_word' id='word_1_410' title='bbox 1198 4354 1360 4430; x_wconf 83' lang='lat' dir='ltr'>absolvere,</span> 
     </span>
     <span class='ocr_line' id='line_1_45' title="bbox 265 4430 1307 4521; baseline 0.017 -30"><span class='ocrx_word' id='word_1_411' title='bbox 265 4431 356 4493; x_wconf 82' lang='lat' dir='ltr'>recita</span> <span class='ocrx_word' id='word_1_412' title='bbox 368 4430 566 4503; x_wconf 82' lang='lat' dir='ltr'>devotionern,</span> <span class='ocrx_word' id='word_1_413' title='bbox 576 4440 607 4490; x_wconf 91' lang='lat' dir='ltr'>et</span> <span class='ocrx_word' id='word_1_414' title='bbox 618 4431 702 4511; x_wconf 84' lang='lat' dir='ltr'>lege:</span> <span class='ocrx_word' id='word_1_415' title='bbox 724 4450 789 4494; x_wconf 87' lang='lat' dir='ltr'>earn</span> <span class='ocrx_word' id='word_1_416' title='bbox 805 4452 954 4520; x_wconf 78' lang='lat' dir='ltr'>oapequoe</span> <span class='ocrx_word' id='word_1_417' title='bbox 973 4438 1030 4499; x_wconf 89' lang='lat' dir='ltr'>hac</span> <span class='ocrx_word' id='word_1_418' title='bbox 1048 4439 1307 4521; x_wconf 41' lang='lat' dir='ltr'>logevcontinetur.</span> 
     </span>
    </p>
   </div>
   <div class='ocr_carea' id='block_1_6' title="bbox 0 0 1473 5000">
    <p class='ocr_par' dir='ltr' id='par_1_10' title="bbox 0 0 1473 5000">
     <span class='ocr_line' id='line_1_46' title="bbox 0 0 1473 5000; baseline 0 0"><span class='ocrx_word' id='word_1_419' title='bbox 0 0 1473 5000; x_wconf 95' lang='lat' dir='ltr'> </span> 
     </span>
    </p>
   </div>
  </div>
 </body>
</html>
