2934 5000
353 210 368 238 ,
975 183 988 222 l

241 305 305 365 roc.
479 303 537 366 ne
558 303 673 363 utun
693 267 826 364 casus
845 297 1101 369 increscentq

436 457 579 507 Transiliuat
589 469 668 506 nuans
679 457 748 513 sitos,
759 457 815 518 ispa
825 455 889 504 orrllc
900 461 996 510 trani,
1020 472 1046 500 st
1071 483 1087 496 v

470 533 526 580 Sive
535 539 601 596 petas
612 533 747 587 thalamum,
757 533 809 580 sire
820 533 865 579 sub
876 539 941 578 antra
951 546 1012 578 ruas.

440 609 485 656 iiis
498 625 542 671 ego
552 608 671 657 Palladios
684 608 778 658 toenitis
788 607 842 670 pins
851 607 943 654 instruo
952 605 1027 662 nivea

474 685 505 733 Ut
514 687 615 748 sapiant,
623 684 730 747 vigilent,
739 685 775 731 nil
787 683 919 746 petulanter
929 690 1006 744 agant.

440 759 536 808 lavabit
545 763 589 808 beu
599 767 697 822 quantas
707 761 784 821 legun
796 759 892 808 violatio
903 757 999 808 sladen

472 839 505 886 At
512 839 585 899 justa
596 839 659 900 leges
669 839 790 886 musta
800 843 885 898 quanta
894 835 991 895 faust?

441 914 598 975 Compedibus
609 915 727 978 stringunt
738 914 875 969 sceleratas,
884 911 976 960 ordinis
986 911 1048 972 equi
1106 926 1111 937 ‘

437 1039 443 1054 ,
476 993 677 1048 Conserrstrioes,
688 991 720 1039 nil
729 992 772 1038 nisi
785 1000 849 1038 recta
859 990 944 1037 docnt.

442 1069 534 1129 Aspera
545 1057 701 1129 cbmplanant,
711 1069 794 1115 iciant
805 1067 907 1121 tuentis,
918 1066 1014 1112 incant

478 1145 616 1200 indomitos,
627 1145 723 1208 abigunt
734 1145 824 1192 semina
834 1156 931 1206 φαμι
940 1131 1004 1197 mall,

330 1260 334 1268 .
442 1223 500 1270 turs
508 1229 600 1282 regunt,
611 1221 796 1270 mansuefeciuot
805 1219 922 1282 turgentis
932 1219 1010 1273 corda,

476 1299 632 1360 Compescnnt
642 1298 733 1348 tabens
742 1296 867 1346 seditiosis
877 1311 945 1357 opas.

443 1373 457 1420 J
461 1374 527 1434 orgia
534 1371 587 1442 'litis
595 1374 678 1420 acerba
688 1379 838 1436 prementes
848 1370 951 1434 deniqne
961 1371 1033 1420 vitatu

479 1451 609 1497 Humanam
621 1449 741 1506 erudiunt,
751 1456 777 1496 ct
791 1447 907 1510 sapricoter
918 1455 965 1496 est.

291 1565 340 1626 73.
362 1561 488 1634 Auditis,
502 1561 713 1644 Athenienses,
727 1559 767 1622 de
779 1561 837 1622 isto
850 1567 958 1640 genere
971 1559 1124 1620 bominum
1138 1560 1209 1620 Solo
1218 1561 1293 1641 qnid
1305 1562 1351 1622 tli-

250 1667 309 1728 cst‚
320 1667 354 1716 et
374 1656 412 1717 dc
428 1655 494 1728 diis,
505 1675 524 1716 a
536 1655 642 1732 quibus
655 1656 758 1715 urbem
769 1653 936 1715 conservari
952 1652 1069 1713 asserit.
1110 1651 1178 1731 Ego
1189 1671 1259 1712 sero
1273 1673 1351 1714 sem·

252 1767 305 1826 per
323 1748 401 1821 banc
426 1729 586 1806 cr'ationem
601 1763 699 1808 reram
719 1765 788 1806 esse
806 1751 890 1826 puto,
908 1756 1042 1826 etopto,
1061 1745 1229 1806 conoemari
1250 1747 1351 1806 urbem

252 1849 381 1900 nostram
395 1837 551 1900 divinitus:
573 1839 833 1917 etquod'smrnodo
846 1838 992 1910 existimo,
1005 1837 1092 1898 etsie
1104 1836 1216 1916 accipio
1236 1857 1274 1898 ea
1285 1856 1351 1917 qna

252 1950 332 1990 nunc
345 1929 517 1993 acciderunt
530 1929 670 1991 narnia'in
689 1931 877 1992 accusatione
894 1931 962 2001 bac,
985 1929 1093 1989 divina
1113 1927 1269 2007 enjusdam
1283 1949 1352 2008 erga

251 2021 461 2102 rempublicam
484 2023 694 2086 benevolente
716 2023 835 2103 signnm
852 2023 1011 2083 exstitisse.
1051 2019 1147 2099 quue
1160 2021 1351 2081 ncconside-

252 2122 324 2172 rate.
366 2114 463 2172 Homo
477 2113 528 2193 qni
545 2115 639 2175 multa
659 2115 689 2174 in
700 2113 851 2194 'legatione
864 2124 896 2172 et
914 2113 1022 2174 atrocis
1043 2105 1158 2181 scelera
1175 2109 1349 2191 designarit,

252 2203 302 2281 qni
315 2203 478 2283 provincias
488 2206 617 2292 tradidit,
630 2205 660 2266 in
674 2205 781 2286 quibus
795 2206 867 2266 deos
880 2204 990 2266 arobis
1003 2214 1035 2264 et
1044 2205 1129 2265 sociis
1143 2203 1201 2263 coli
1216 2203 1350 2274 decebat,

252 2295 413 2374 ignominia
430 2297 543 2358 notavit
556 2298 714 2376 quendam,
729 2297 780 2377 qni
799 2298 864 2376 ejus
886 2307 1088 2358 accusatorem
1101 2316 1133 2356 se
1146 2295 1274 2376 profiteri
1291 2315 1351 2355 non

254 2387 407 2451 dubitarit.
451 2390 530 2450 Curi
550 2393 672 2471 neipse
693 2391 869 2451 delictorum
893 2409 1013 2451 sucrum
1032 2390 1160 2460 reniam,
1187 2399 1237 2449 aut
1261 2389 1352 2448 uliam

253 2479 480 2543 misencordiam
495 2495 735 2563 consequeretur.
778 2480 838 2541 Sed
858 2492 889 2541 et
909 2479 960 2541 illo
980 2479 1150 2541 accusando
1163 2482 1251 2540 inme
1269 2479 1353 2541 inre-

253 2574 323 2635 here
335 2575 471 2647 instituit,
485 2566 516 2634 et
528 2595 627 2635 rursus
641 2594 694 2655 pro
707 2572 850 2633 concione
868 2573 1088 2655 accusationem
1110 2573 1181 2633 mibi
1203 2573 1354 2633 minitatus

254 2674 311 2739 est,
322 2675 353 2725 et
364 2667 428 2746 ejus
443 2666 557 2747 generis
571 2665 638 2727 slia-
685 2664 908 2731 Quamobremt
929 2675 963 2725 ut
976 2666 1086 2743 optima
1097 2682 1164 2724 curn
1177 2664 1263 2724 renis
1274 2664 1356 2743 apud

254 2776 307 2818 ros
320 2778 386 2837 ego,
400 2758 450 2837 qni
462 2758 575 2819 scelera
586 2758 669 2818 istitn
683 2758 794 2837 optime
815 2757 893 2830 novi,
907 2767 940 2817 et
961 2758 1060 2817 omnia
1080 2766 1231 2839 comperta
1250 2755 1355 2829 habeo,

255 2868 436 2911 accusarem.
478 2853 556 2917 Quin
567 2852 654 2912 etiarn
668 2870 737 2911 cunr
750 2853 830 2913 omni
843 2852 984 2933 superiori
995 2862 1124 2933 tempore
1132 2851 1247 2931 judicis
1258 2852 1355 2911 eluse-

256 2942 302 3013 rit,
317 2941 347 3000 in
362 2942 392 3002 id
406 2942 534 3019 conjecit
546 2962 612 3003 sese
625 2952 752 3023 tempus,
767 2944 798 3003 in
809 2964 869 3023 quo
883 2944 908 3003 si
929 2964 988 3004 non
1009 2947 1048 3005 ob
1075 2944 1166 3015 aliud,
1178 2943 1226 3003 vei
1238 2952 1357 3023 propter

254 3033 584 3123 imminentippencnle,
596 3053 652 3095 nec
670 3030 793 3108 licitum,
812 3055 870 3097 nec
890 3045 985 3096 tutum
1009 3037 1092 3096 robis
1114 3044 1172 3106 eat,
1190 3035 1278 3095 istum
1290 3054 1356 3095 cor·

255 3134 372 3207 ruptum
388 3122 588 3206 largitionibus
606 3128 775 3187 ‘absoluere
817 3130 939 3207 Semper
957 3128 1047 3194 enim,
1062 3126 1270 3201 Athenienses,
1287 3127 1357 3187 odio

254 3216 452 3301 prosequendi
465 3228 543 3291 sunt,
554 3228 583 3278 et
596 3218 738 3297 puniendi
747 3218 923 3299 proditores,
933 3226 964 3279 et
976 3218 1109 3278 homines
1123 3218 1272 3298 corrupti:
1292 3228 1356 3278 turn

254 3330 324 3372 vero
339 3310 461 3371 nuncid
477 3330 545 3370 cum
560 3310 660 3390 primis
673 3312 845 3389 tempestive
855 3321 885 3371 et
897 3312 1048 3372 communi
1065 3331 1134 3370 cum
1143 3311 1270 3371 utilitate
1282 3330 1358 3370 mor·

255 3402 357 3463 taliurn
366 3404 426 3464 fiet.
467 3402 592 3489 Morbus
606 3390 694 3479 eninr,
705 3402 913 3476 Athenienses,
923 3402 1027 3482 ingens
1037 3402 1143 3465 invasit
1154 3404 1186 3464 in
1199 3402 1356 3474 crocian,

146 3511 149 3518 ¹
255 3500 286 3551 et
298 3491 435 3566 difficilis,
448 3494 556 3573 quique
571 3514 708 3574 magnam
724 3506 757 3555 et
772 3494 941 3555 felicitatem
956 3506 988 3556 et
999 3515 1103 3558 curam
1113 3506 1242 3556 restrum
1254 3505 1357 3574 postu

255 3581 304 3641 iet.
327 3582 387 3647 Qui
399 3582 476 3643 enim
489 3596 560 3645 sunt
568 3586 599 3645 in
613 3588 734 3647 urbssrns
747 3587 933 3664 nobilissimi,
946 3590 978 3648 'et
986 3590 1018 3649 in
1031 3590 1108 3668 quoi
1121 3588 1232 3650 collata
1241 3597 1289 3649 cst
1301 3589 1358 3647 rei-

256 3671 381 3752 publice
402 3677 567 3747 auctoritas,
581 3678 611 3737 hi
633 3698 693 3739 sure
717 3680 881 3761 proditores'
899 3678 1052 3754 libertatis,
1075 3680 1218 3753 infelices,
1234 3679 1358 3739 ultrcin

257 3764 424 3825 servitutem
438 3784 469 3825 se
484 3768 652 3847 conjiciunt,
662 3770 737 3851 dum
756 3770 883 3853 Pnrtppi
896 3762 1064 3853 hospitium,
1072 3765 1110 3832 'et
1120 3770 1358 3842 familiaritatem,

199 3923 204 3930 .
255 3866 287 3918 et
300 3856 466 3929 amicitiam,
485 3869 572 3937 atque
596 3860 664 3941 alia,
687 3864 838 3927 minuendi
860 3885 952 3927 caum
964 3866 1105 3935 criminis,
1119 3867 1150 3925 in
1161 3884 1212 3925 ore
1224 3866 1357 3925 babent:
1403 3929 1408 3940 ⁸

256 3948 346 4009 ceteri
373 3958 481 4023 autem,
503 3959 533 4009 et
555 3952 745 4031 magistratus
769 3956 952 4035 singularum
962 3957 1102 4027 urbium,
1124 3956 1293 4037 quicunque
1314 3955 1359 4015 illi

258 4052 337 4113 sunt,
353 4040 487 4120 aquibus
501 4042 566 4103 iilos
585 4047 713 4105 coerceri
733 4049 896 4127 oportebat,
910 4059 948 4109 et.
962 4049 1063 4109 statim
1075 4049 1181 4123 occidi,
1195 4049 1225 4121 ii,
1241 4057 1357 4107 tantum

257 4136 353 4209 abest,
366 4144 400 4193 ut
414 4135 472 4195 tale
486 4134 595 4214 aliquid
608 4147 706 4217 agant,
729 4149 763 4197 ut
785 4157 836 4198 eos
859 4140 1045 4217 admirentur,
1059 4148 1090 4201 et
1102 4138 1267 4201 fortunatos
1275 4137 1357 4218 jurii-

257 4236 336 4297 ccnt,
352 4236 382 4285 et
395 4228 503 4307 singuli
518 4247 549 4288 se
564 4229 636 4289 tales
650 4251 715 4291 esse
730 4240 843 4311 optent.

298 4319 348 4375 74.
370 4318 461 4399 Atqui
479 4339 515 4381 ea
537 4340 594 4405 rep,
607 4332 639 4385 et
651 4323 795 4404 ejusmodi
807 4324 1020 4405 emulationes,
1033 4323 1250 4396 Thaumacum,
1263 4320 1358 4381 Atbe·

258 4405 385 4481 nienses,
405 4428 471 4475 cunr
495 4432 585 4493 nuper
609 4414 683 4475 adeo
693 4416 897 4497 principatum
909 4428 940 4483 et
951 4420 1138 4480 communem
1151 4415 1356 4477 auctontatem
