2934 5000
439 299 653 360 ADVERSUS
677 303 903 368 LEPTINEM.
1159 305 1213 363 311

120 463 152 512 et
163 471 260 530 parata
275 453 443 514 occasiones
458 473 580 532 magnos
594 467 697 516 motus
695 458 940 536 mutationesque
953 458 1081 536 pariunt.
1120 458 1219 525 Quare

120 545 244 604 modus
237 564 266 618 ιιι
285 546 372 604 rebus
389 545 524 628 secundis
538 549 700 607 servandus
711 559 767 622 est,
780 558 811 621 et
828 548 1038 629 providendum
1054 549 1124 626 quid
1139 547 1216 610 acci-

119 633 188 696 dere
201 636 304 714 possit.

160 729 208 786 36.
231 727 328 788 Multa
347 729 444 788 adhuc
456 729 520 788 dici
540 740 571 788 et
591 729 810 790 commemorari
832 742 954 810 possent
967 729 1028 789 ed
1019 740 1105 790 ratam
1119 732 1216 810 legem

119 820 317 902 evadendam,
328 831 362 878 nt
374 839 440 898 qum
454 839 510 880 nec
523 823 685 900 probanda,
702 841 759 883 nec
771 824 855 882 robis
873 810 1027 902 profutura
1036 825 1093 882 sit:
1115 825 1217 884 sedut

118 911 148 972 id
162 912 264 992 paucis¹
277 911 454 988 intelligatis,
464 921 494 970 et
507 931 564 990 ego
579 912 696 987 tandem
710 913 826 972 dicendi
839 915 927 973 finem
941 914 1057 983 faciam,
1068 917 1112 974 sic
1122 916 1215 994 agitet

121 1001 258 1062 Conferte
272 1003 348 1061 inter
361 1021 403 1073 se,
427 1013 458 1062 et
481 1003 609 1082 cogitate
622 1023 688 1084 curn
704 1003 807 1062 animis
821 1005 936 1078 vestris,
950 1004 1020 1083 quid
1035 1007 1115 1065 vobis
1129 1026 1215 1065 even·

119 1083 215 1156 turum
228 1097 279 1168 sit,
292 1097 316 1157 si
330 1097 424 1175 legem
440 1095 525 1156 istam
541 1095 758 1168 damnaveritis,
769 1095 850 1175 quid,
861 1095 886 1154 si
900 1099 1132 1176 approbaveritis.
1155 1100 1217 1180 De·

119 1188 188 1248 iude
203 1200 300 1270 tenete
311 1197 342 1252 et
354 1199 542 1258 mementote,
557 1209 624 1267 qua
637 1207 674 1248 ιι
687 1199 809 1266 utraque
818 1207 849 1248 re
862 1189 946 1248 vobis
959 1188 1021 1248 fore
1034 1189 1216 1268 videbuntur,

119 1291 153 1340 nt
166 1281 282 1361 potiora
293 1280 465 1358 praeferatis.
507 1281 539 1339 Si
559 1281 646 1358 igitur
665 1299 729 1338 eam
746 1279 934 1351 damnabitis,
948 1289 982 1338 ut
995 1299 1049 1338 nos
1067 1283 1215 1358 jubemus,

120 1381 151 1430 et
173 1372 285 1449 digni
272 1391 323 1448 Jus
337 1391 422 1431 suurn
436 1392 454 1430 a
468 1371 548 1431 vobis
563 1381 799 1448 consequentur:
821 1380 852 1429 at
873 1371 897 1429 si
919 1372 984 1449 quis
1007 1371 1144 1449 indignus
1164 1386 1217 1448 est,
1286 1369 1292 1374 ’

120 1463 196 1554 sieut
221 1475 285 1523 esto
315 1483 385 1522 sane
406 1463 520 1543 aliquis,
550 1475 744 1544 praeterquam
770 1463 851 1541 quod
880 1463 959 1522 dono
985 1463 1154 1547 privabitur,
1180 1488 1216 1527 ex

120 1555 209 1614 animi
231 1554 318 1634 vestri
339 1554 483 1616 sententia
506 1555 593 1616 etiam
615 1575 633 1613 ι
656 1552 740 1613 vobis
768 1553 902 1631 punietur
923 1547 989 1634 lege
1013 1573 1032 1612 ι
1054 1554 1137 1635 nobis
1152 1558 1219 1615 sub·

121 1646 241 1706 stituta:
267 1659 298 1706 et
321 1656 421 1707 nostra
439 1647 541 1706 civitas
551 1645 665 1715 ridetis,
687 1647 782 1724 justa,
806 1665 896 1704 verax
924 1665 997 1723 erga
1016 1664 1117 1706 omnes
1136 1647 1217 1709 vide·

119 1737 205 1796 bitur.
225 1769 226 1777 .
247 1739 298 1796 Sin
325 1739 534 1816 approbabilis,
559 1738 639 1815 quod
666 1737 744 1796 absit
764 1745 797 1795 ut
813 1736 937 1810 faciatis,
960 1748 990 1796 at
1012 1739 1081 1796 honi
1102 1750 1219 1817 propter

118 1829 265 1908 improbos
287 1830 450 1888 afficientur
472 1829 587 1909 injuria,
610 1840 640 1887 et
662 1827 773 1906 indigni
796 1828 971 1888 calamitatis
994 1829 1057 1888 ιιιιι
1081 1841 1217 1892 auctores
1254 1860 1260 1872 «

120 1933 215 2000 erunt,
230 1942 285 1981 nec
299 1921 373 1981 ullas
384 1922 438 2000 ipsi
453 1941 555 2002 poenos
570 1921 698 1980 dabunt:
721 1921 1002 1999 nostrnqnecivitas‚
1013 1933 1114 1980 contra
1129 1943 1217 2002 quam

120 2013 182 2072 dixi
206 1966 305 2083 ιιιοιιο,
320 2024 366 2070 ut
392 2013 514 2090 perfido,
535 2023 569 2070 ut
591 2011 699 2082 invida,
721 2029 756 2072 ut
779 2011 906 2098 mendas
928 2013 1016 2094 apud
1033 2033 1135 2074 omnes
1157 2025 1215 2092 tra·¹

119 2105 253 2164 ducetur.

162 2199 211 2254 37.
232 2196 332 2262 Quare
353 2215 413 2254 non
431 2193 671 2273 committendum
696 2204 752 2261 est,
777 2190 986 2261 Athenienses,
1000 2197 1142 2252 tantam-¹
1116 2215 1219 2272 ugno-
1258 2225 1266 2236 ⁸

120 2287 238 2346 miniam
251 2297 283 2345 ut
291 2285 464 2346 adsciscens
467 2283 631 2363 ,praeclaris
643 2293 673 2341 et
685 2282 767 2340 vohis
781 2283 1020 2340 convenientibus
1034 2284 1118 2342 honis
1133 2305 1218 2365 repn-

120 2380 218 2438 diatis.
259 2379 335 2438 Naro
350 2377 506 2467 quisque
485 2388 615 2434 vestrum
628 2378 690 2446 ejus
701 2371 866 2476 opinionis,
881 2391 947 2450 quae
968 2372 1005 2431 de
1027 2374 1150 2451 publicis
1165 2377 1217 2436 de-

119 2472 207 2533 cretis
230 2472 331 2544 οιιιιιι,
339 2480 466 2553 partem
488 2448 595 2549 capiet.
639 2452 706 2525 Non
730 2465 806 2524 eninr
832 2464 988 2543 quisquam
1014 2465 1142 2543 ignorat,
1168 2469 1216 2529 vel

120 2582 221 2624 eorum
247 2565 295 2642 qui
324 2564 524 2631 circumstant,
548 2559 593 2617 vel
615 2568 787 2628 ceterorum,
813 2556 993 2646 Leptinem
986 2577 1015 2616 ιιι
1030 2556 1143 2639 judicio
1163 2578 1216 2618 no-

118 2642 232 2717 biscum
240 2656 431 2735 contendere,
448 2653 531 2713 sed
524 2672 553 2711 ιιι
577 2650 756 2729 singulorum
772 2648 905 2729 judicum
919 2649 1031 2718 animis,
1033 2650 1217 2713 humanitati

121 2768 187 2809 oum
202 2748 331 2820 invidia,
338 2746 460 2822 justitiae
484 2764 551 2805 cum
579 2742 774 2821 improbitate,
797 2742 923 2820 denique
944 2742 1098 2803 virtutibus
1125 2747 1217 2805 omni·

116 2840 174 2898 hus
198 2860 264 2900 curn
288 2839 378 2899 ιιιιιι
384 2846 530 2897 certamen
552 2854 625 2894 esse.
668 2828 698 2893 Si
723 2833 812 2911 igitur
829 2834 994 2894 melioribus
1015 2808 1217 2914 obiemperan-

120 2942 178 3004 tes,
199 2932 283 2991 nobis
309 2930 420 2991 assensi
441 2928 645 2999 luminatum
671 2926 726 3003 ipsi
758 2946 825 3004 quar
847 2926 936 2987 decet
956 2927 1119 2987 decrevisse
1137 2928 1218 2988 vide·

119 3024 232 3093 bimini,
258 3033 318 3081 tum
343 3040 409 3109 quoe
431 3020 597 3097 reipublicae
624 3017 832 3077 honestissima
866 3030 953 3079 erunt
975 3021 1121 3090 statuetis,
1142 3029 1215 3094 tum,¹

119 3117 144 3177 si
170 3114 250 3193 quod
276 3114 348 3173 forte
374 3110 506 3171 inciderit
526 3122 652 3188 tempus,
666 3128 726 3169 non
745 3110 869 3170 deerunt
886 3114 935 3189 qui
956 3132 1009 3192 pro
1031 3114 1113 3173 vobis
1136 3102 1217 3173 adire}

119 3206 253 3289 pericula
274 3225 332 3265 non
347 3204 491 3263 dubitent.
533 3202 608 3262 Haec
627 3202 714 3280 igitur
737 3203 873 3261 universa
894 3221 972 3261 curse
995 3204 1077 3262 vobis
1104 3206 1216 3283 opinor,

119 3318 158 3360 ao
178 3297 277 3356 studio
301 3314 368 3355 asse
386 3293 507 3365 debent,
522 3312 558 3352 ec
578 3292 733 3371 diligenter
749 3292 978 3371 providendum,
991 3311 1029 3352 ne
1057 3293 1085 3351 vi
1105 3294 1149 3351 ad.
1164 3295 1237 3369 de·,

118 3390 312 3468 linquendum
335 3385 504 3465 adigamini.
545 3384 632 3462 Saepe
654 3384 731 3442 enim
755 3384 867 3442 factum
888 3393 943 3456 est,
964 3383 1170 3457 Athenienses,
1184 3396 1218 3447 ut

119 3484 212 3545 multa
226 3481 308 3540 vobis
333 3480 455 3557 probata
479 3484 509 3535 et
531 3494 674 3557 persuasa
694 3494 755 3534 non
779 3474 847 3544 sint,
872 3474 925 3535 sed
947 3486 1047 3555 erepta
1061 3486 1092 3535 et
1104 3487 1217 3539 extorta

117 3586 266 3643 oratorum
276 3571 453 3633 clamoribus
469 3578 498 3629 et
513 3566 651 3627 'violentia
664 3576 693 3627 et
706 3566 904 3647 impudentia:
926 3567 957 3627 id
972 3559 1148 3647 quod‘nunc'
1162 3577 1216 3631 vos'

118 3667 299 3730 committere
312 3662 542 3741 indignissimum
557 3661 663 3719 suerit!
705 3659 767 3719 Sed
785 3653 949 3740 qure'jnata
961 3679 1025 3721 esse
1043 3654 1215 3741 intelligitis,

119 3764 264 3822 catenete'
278 3776 312 3815 ac
327 3753 529 3823 recordamini,
543 3762 576 3810 ut
589 3751 618 3809 in
629 3750 849 3829 pronunciando
862 3744 1049 3831 ferendisque
1058 3754 1213 3830 suffragiis,

118 3842 365 3934 quemadmodum
385 3842 576 3924 jurisjurandi
599 3838 701 3920 religio
719 3842 858 3921 postulat,
874 3846 1056 3904 consultores
1069 3845 1214 3922 improbos

120 3941 328 4017 condemnetis.
372 3936 465 3995 Miror
488 3946 596 4006 autern,
618 3954 666 3995 eos
688 3936 738 4017 qui
761 3947 909 4003 monetam
930 3936 1096 3994 adulterant
1118 3935 1216 4011 capite
1289 3941 1293 3947 ’

119 4034 253 4095 mulctari
268 4030 348 4110 apud
362 4049 424 4101 vos,
438 4028 480 4087 eis
496 4026 563 4091 vero
576 4028 625 4106 qui
641 4038 730 4087 totam
754 4026 899 4087 civitatem
922 4026 1113 4087 adulterinam
1127 4034 1157 4084 et
1169 4026 1229 4085 in·'

9 4136 15 4147 ’
118 4125 207 4185 fidam
229 4124 369 4194 reddunt,
390 4118 507 4182 dicendi
533 4118 596 4180 fleri
617 4130 805 4203 potestatem.
848 4118 894 4175 Ne
914 4117 1016 4195 utique
1039 4116 1087 4173 loc
1098 4119 1170 4191 fiat,
1193 4137 1213 4177 o
1265 4194 1281 4208 Ι,

119 4218 234 4301 Iupiter
248 4227 279 4275 et
293 4214 360 4275 Dii!
1090 4258 1094 4270 .

160 4311 229 4369 Scio
242 4328 301 4369 non
316 4312 388 4387 opu's
403 4324 468 4366 esse
481 4316 515 4365 ut
527 4306 611 4385 plura
624 4305 739 4365 dicam.
761 4300 863 4382 opinor
871 4298 950 4359 enirn
962 4316 1014 4359 vos
1035 4300 1211 4383 omniaque»

116 4402 247 4463 diximus
260 4400 331 4461 satis
345 4398 532 4459 intellexisse.
