2934 5000
305 353 363 410 ³00
615 339 833 406 lnvsnsus
854 335 1079 402 termnum.

672 607 753 668 unx
774 604 1059 694 sunnonem.⁸

306 759 434 835 Auditis,
451 764 655 829 Athenienses.
671 771 701 820 ot
719 758 891 837 intelligitis,
914 767 1034 816 cautum
1050 753 1101 816 hio
1124 775 1201 827 esse,
1214 767 1250 815 nt
1269 767 1300 818 at
1318 758 1411 837 digni

306 875 374 936 quse
388 856 457 915 data
471 865 539 915 sunt
553 863 679 925 teneant,
690 861 721 911 et
733 851 782 930 qui
805 851 879 909 tales
892 849 1089 929 judicati-non
1103 850 1220 919 luerint,
1235 851 1341 929 siquid
1355 854 1409 910 in-

302 948 384 1027 juste
398 933 583 1026 acceperunt,
599 965 635 1005 eo
649 945 807 1024 priventur,
817 953 847 1002 et
857 943 997 1021 deinceps
1011 944 1041 1000 in
1053 952 1150 1002 vestra
1162 963 1252 1003 mann
1264 945 1313 1012 sit,
1325 946 1409 1003 siout

306 1057 423 1117 mquum
436 1048 491 1110 est,
507 1040 645 1117 quelibet
664 1035 710 1095 vel
733 1036 804 1094 dare
823 1034 870 1093 rel
890 1049 948 1093 non
971 1034 1052 1093 dare.
1093 1035 1200 1112 legem
1213 1036 1293 1094 bane
1314 1036 1410 1114 igitur

308 1148 367 1190 non
382 1131 551 1210 praeclaram
571 1139 601 1188 et
622 1145 735 1206 nequam
759 1145 833 1197 esse,
854 1145 910 1185 neo
928 1125 1073 1184 diotumrn
1093 1126 1217 1185 arbitror
1240 1127 1407 1205 leptinern,

204 1273 207 1280 .
308 1241 376 1299 nee,
390 1223 414 1280 s'i
428 1222 541 1293 dixerit,
555 1239 643 1300 posse
657 1219 874 1277 demonstrare:
896 1235 964 1295 quse
976 1236 1046 1276 vero
1069 1216 1149 1294 apud
1172 1219 1304 1277 serviros
1316 1219 1406 1290 dixit,

300 1331 343 1394 ,es
352 1313 481 1374 fortassis
494 1314 541 1372 hic
555 1320 699 1390 repetens,
713 1329 766 1370 ros
777 1309 996 1370 circumducere
1009 1309 1173 1367 conabitur.
1194 1309 1301 1366 Aiebat
1313 1312 1408 1380 enim,

308 1406 476 1484 impostum
499 1402 593 1482 gretie
612 1401 707 1480 legem
730 1402 808 1460 hanc
828 1419 894 1458 esse
915 1400 1124 1458 substitutam:
1144 1400 1169 1458 si
1181 1419 1253 1458 rero
1265 1419 1408 1478 eaquam

299 1493 368 1574 vipse
391 1493 497 1566 tulerit,
521 1495 689 1572 abrogetur,
712 1511 772 1549 non
792 1491 937 1569 perlatum
951 1489 994 1549 iri.
1036 1491 1194 1569 Egovero,
1208 1490 1341 1568 isenlege
1354 1513 1408 1551 re-

308 1586 375 1646 stris
389 1585 535 1663 suffragiis
549 1585 699 1661 abrogata,
711 1567 899 1641 substitutam
919 1581 996 1641 illius
1009 1581 1075 1640 loco
1089 1591 1181 1641 rutam
1193 1601 1269 1651 esse,
1284 1584 1410 1662 antiqua

306 1675 374 1755 lege
387 1677 539 1756 perspicue
551 1675 657 1756 juberi,
671 1674 836 1734 secundum
848 1690 936 1751 quum
950 1673 1056 1733 sexriri
1075 1675 1160 1733 nobis
1175 1675 1251 1733 bane
1265 1694 1407 1753 surroga-

231 1775 234 1782 '
308 1778 386 1838 runt,
402 1767 549 1833 omittam
570 1765 673 1842 nequis
683 1764 754 1823 mibi
768 1764 992 1823 controversiam
1003 1782 1039 1823 ea
1052 1764 1089 1822 de
1100 1768 1132 1823 re'
1144 1763 1251 1824 faciat:
1264 1766 1318 1825 sed
1330 1767 1407 1827 illuc

308 1859 404 1919 venio.
446 1855 522 1916 Cum
535 1855 598 1914 hmo
611 1854 691 1927 dicit,
704 1853 839 1912 nimirum
852 1853 1016 1926 confitetur,
1029 1853 1176 1913 meliorem
1192 1865 1224 1914 et
1246 1857 1409 1934 sequiorem

309 1969 375 2010 esse
389 1949 466 2007 hene
479 1947 575 2026 legem
588 1965 632 2016 ee,
646 1963 732 2022 quarn
745 1944 806 2023 ipse
819 1943 938 2004 tulerit:
957 1946 995 2005 de
1005 1964 1040 2004 eo
1053 1963 1122 2004 vero
1135 1948 1223 2005 rerba
1236 1947 1313 2019 iacit,
1325 1967 1406 2026 quo-

309 2039 397 2098 modo
411 2037 643 2117 sitperferends.
664 2033 794 2094 Primum
808 2037 897 2114 igitur
908 2036 1007 2095 rnnltoe
1020 2036 1062 2095 illi
1075 2037 1130 2094 rioe
1143 2040 1299 2117 propositos
1316 2036 1405 2111 ‘sunt,

309 2129 414 2208 quibus
429 2129 662 2200 substituentem,
678 2129 703 2186 si
722 2127 807 2197 nolit,
821 2140 910 2206 cogat
932 2129 970 2188 ad
991 2127 1140 2187 ferendam
1154 2128 1275 2190 ultorem
1286 2132 1383 2210 legem
1396 2158 1407 2201 ;

245 2293 248 2300 Ι
308 2221 416 2281 deinde
431 2221 609 2300 spondemus
624 2239 681 2298 ego
703 2231 734 2278 et
756 2216 903 2288 Phormio,
926 2219 1057 2298 siquem
1080 2219 1169 2279 aliurn
1190 2222 1266 2294 vult,
1282 2242 1335 2281 nos
1362 2223 1406 2281 le·

310 2331 377 2390 gem
404 2313 514 2372 laturos
539 2331 614 2372 esse.
667 2311 793 2370 Constat
819 2320 916 2370 autern
943 2310 1040 2388 legem
1064 2329 1131 2371 esse
1156 2314 1236 2393 apud
1262 2334 1334 2375 vos:
1371 2317 1407 2375 si

309 2403 410 2484 quis,
431 2403 805 2483 pollicitationibus,
834 2401 894 2460 rel
922 2399 1105 2479 Populum
1134 2404 1192 2462 rel
1219 2404 1404 2465 Senatum

201 2493 207 2501 '
307 2496 366 2557 vel
398 2495 588 2556 Judicium
618 2494 821 2573 deceperit,
841 2512 919 2553 eum
950 2493 1088 2573 cupite
1118 2494 1404 2559 mulctandum.

309 2586 506 2667 Spondernus,
518 2586 706 2665 pollicemur:
729 2584 838 2644 serviri
859 2584 1005 2643 scribunto
1026 2585 1112 2645 brec:
1132 2586 1177 2646 bis
1190 2588 1406 2653 conditionibus

308 2700 353 2739 res
365 2680 529 2761 peragitur!
571 2678 619 2737 Sic
642 2696 737 2761 neque
757 2696 808 2735 vos
830 2676 987 2753 quicquum
1001 2678 1083 2736 vobis
1104 2678 1255 2757 indignum
1269 2682 1406 2753 iacietis,

307 2790 414 2849 neque,
429 2770 452 2829 si
466 2770 532 2847 quis
554 2769 633 2828 dono
647 2768 726 2846 quod
740 2777 917 2826 consecutus
931 2767 1073 2845 indignus
1087 2779 1142 2841 est,
1155 2770 1186 2828 id
1199 2772 1327 2832 tenebit:
1349 2776 1404 2835 sed

304 2862 427 2919 seorsim
451 2862 516 2936 lege
538 2858 594 2916 hae
616 2857 646 2914 in
665 2856 810 2936 judicium
832 2856 1009 2917 adducetur!
1051 2859 1084 2917 Si
1105 2878 1174 2918 rero
1194 2863 1281 2922 rerba
1294 2863 1362 2923 hoee
1374 2876 1406 2924 et

307 2968 403 3027 nugas
417 2967 482 3007 esse
493 2947 579 3017 dicet,
593 2946 652 3004 illae
666 2956 744 3006 certe
755 2966 843 3026 nugoe
856 2936 1012 3009 non'sunt:
1033 2952 1095 3029 ipse
1105 2950 1202 3030 legem
1211 2953 1296 3028 ierat,
1305 2957 1404 3038 neque

306 3038 364 3098 boe
376 3038 465 3109 dicut,
478 3056 534 3097 nos
547 3056 612 3102 eam
625 3035 737 3097 laturos
754 3058 812 3097 non
835 3058 910 3099 esse.
952 3040 1125 3101 Proeclurius
1142 3043 1276 3122 profecto
1298 3058 1353 3119 est,
1368 3060 1405 3108 ut

308 3148 371 3188 enm
385 3128 491 3207 legem,
506 3148 593 3206 quem
603 3148 654 3189 ros
668 3130 907 3209 approbaveritis,
921 3130 1003 3205 leret,
1017 3152 1104 3212 quom
1116 3152 1180 3194 esan
1193 3138 1300 3213 uslere,
1314 3160 1404 3218 quam

306 3222 369 3301 ipse
383 3240 437 3280 sun
452 3218 624 3281 auctoritate
638 3232 823 3281 commentus
837 3231 892 3281 est

346 3314 395 3370 tt.
418 3312 494 3371 Mihi
516 3330 585 3370 vero
608 3312 731 3382 videtur,-
756 3312 1057 3385 Atheniensem—sed
1080 3335 1181 3395 queso
1208 3330 1247 3392 te,
1272 3342 1311 3382 ne
1333 3324 1404 3383 mihi

176 3476 181 3485 ³
305 3404 455 3477 irascarisr
478 3422 544 3462 narn
560 3402 629 3463 mali
643 3403 680 3462 de
694 3414 724 3463 te
741 3403 813 3462 nihil
826 3404 1100 3486 dicem-Leptines
1121 3409 1203 3489 leges
1221 3414 1337 3475 Solonis
1351 3429 1403 3478 aut

305 3513 364 3552 non
379 3494 497 3573 legisse,
512 3504 636 3553 autnon
650 3494 837 3555 intellexisse.
880 3495 1036 3557 Nemeum
1048 3500 1143 3579 legem
1159 3502 1228 3565 Solo
1238 3504 1345 3579 tulerit,
1359 3508 1403 3566 li-

305 3582 695 3664 cere,eui'legitimi
726 3586 847 3645 liberi
881 3606 956 3646 non
990 3590 1081 3662 sint,
1101 3611 1215 3670 quem
1240 3596 1400 3659 libitum

304 3674 369 3744 sit,
400 3672 592 3735 haeredem
626 3676 869 3760 instituere;¹
896 3697 955 3739 non
981 3688 1015 3739 ut
1037 3702 1145 3759 genere
1167 3687 1313 3766 proximos
1331 3691 1399 3768 jure

304 3764 528 3845 propinquitatis
540 3766 699 3839 fraudaret,
711 3767 763 3827 sed
777 3777 810 3828 ut
823 3769 948 3829 utilitate
959 3772 989 3830 in
1002 3773 1131 3834 medium
1144 3780 1291 3858 proposita
1299 3782 1400 3841 effice-

303 3865 357 3929 ret,
371 3866 404 3917 ut
416 3855 550 3915 homines
564 3856 639 3914 inter
652 3876 682 3916 se
696 3869 843 3919 certarent
856 3862 1023 3923 beneficiis:
1044 3873 1078 3924 tu
1097 3877 1200 3929 eontra
1210 3890 1268 3929 non
1282 3872 1399 3935 dubites

303 3958 494 4016 auctoresse,
516 3946 783 4025 nequicquam
804 3950 960 4031 Populo
981 3956 1026 4015 de
1048 3958 1129 4017 suis
1149 3962 1290 4038 opibus
1310 3963 1399 4026 lice·

302 4046 341 4097 at
360 4036 454 4097 aliis
483 4035 706 4115 impertiri;
728 4056 787 4116 quo
807 4042 896 4102 modo
919 4046 1073 4123 q'oisquam
1097 4034 1205 4110 dixerit
1226 4064 1256 4113 te
1282 4054 1398 4117 Solonis

299 4129 382 4208 leges
406 4130 452 4189 vel
475 4127 594 4207 legisse,
616 4127 663 4187 vel
683 4128 886 4191 intellexisset
919 4136 997 4195 Cum
1016 4138 1122 4199 efficias
1143 4162 1180 4201 ne
1202 4146 1268 4222 quis
1282 4146 1398 4224 Populo

302 4220 430 4291 studeat,
445 4220 516 4279 dum
529 4220 665 4299 predicis
679 4231 710 4279 et
724 4223 866 4297 ostendis,
878 4227 1134 4311 benemerentibus
1148 4234 1259 4294 nullam
1281 4240 1399 4301 omnino

299 4314 474 4401 sperandam
485 4334 549 4375 esse
559 4316 831 4375 remuneretionem.
873 4320 951 4385 Quin
963 4322 1013 4383 ills
1026 4326 1112 4384 etiarn
1125 4326 1241 4388 Solonis
1257 4328 1308 4390 lex
1320 4345 1367 4392 est
1380 4354 1398 4394 e

299 4402 481 4469 laudaturum
509 4424 640 4477 numero,
667 4415 824 4481 mortuo
866 4412 1014 4473 nemini
1058 4417 1393 4493 maledicendum,
