2934 5000
462 327 747 390 OLYNTHIACA
770 327 800 388 ll
821 329 905 406 (ΙΙΙ).
1191 326 1231 423 al·

129 477 344 540 sariumautem
359 481 503 554 existimo,
513 501 610 563 pauca
620 482 701 544 vobis
715 502 752 543 ex
765 483 800 542 iis
811 501 877 562 qum
898 482 977 542 lacta
992 491 1062 542 sunt
1073 483 1104 542 in
1119 491 1231 542 rueme·

129 589 203 630 nam
214 590 361 632 revocare.
984 589 988 596 ·

171 663 200 720 3.
223 661 410 738 Meministis,
429 667 635 740 Athenienses,
655 668 821 726 nuntiatum
844 665 936 725 fuisse
954 665 1038 726 vobis
1064 663 1234 744 Philippum

128 751 160 812 in
174 753 308 828 Thracia,
323 757 407 816 tertio
424 767 475 818 aut
491 769 596 838 quarto
618 759 725 820 abhinc
742 777 829 829 auno,
842 757 981 818 Hermum
995 756 1137 837 oppidum
1149 757 1231 816 obsi-

130 843 211 916 dere,
235 855 307 908 tunc
330 849 419 928 igitur
440 852 549 910 mensis
570 861 633 910 erut
652 851 829 923 November,
852 857 884 908 et
904 849 1003 908 multis
1026 847 1122 909 verbis
1136 855 1168 906 et
1185 855 1233 906 tu-

130 938 227 998 multu
241 939 320 1000 tacto
330 942 410 1022 apud
422 961 486 1016 vos,
498 942 663 1002 decrevistis
676 953 712 1001 ut
733 940 928 1021 quadraginta
949 941 1079 1000 ιιίιιιιιιι
1101 938 1233 999 deduce-

131 1039 241 1103 rentur,
262 1042 354 1112 utque
373 1035 421 1113 qui
435 1035 512 1094 infra
527 1053 634 1096 annum
647 1034 743 1094 sitatis
758 1046 857 1094 essent
869 1033 1003 1112 quintum
1016 1041 1047 1093 et
1069 1030 1235 1110 quadruge-

130 1123 247 1196 simum,
261 1146 307 1184 eas
319 1127 375 1206 ipsi
393 1127 636 1199 conscenderent,
660 1138 752 1206 utque
764 1126 879 1186 talentu
897 1124 1050 1204 sexaginte
1068 1123 1236 1184 consensui

131 1223 190 1274 tur.
233 1215 314 1290 Post,
331 1237 369 1277 eo
387 1239 463 1278 anno
482 1219 593 1298 elapso,
603 1218 750 1290 Quintilis,
768 1218 898 1290 Sextilis,
911 1218 1082 1296 September
1094 1224 1167 1274 erut.
1189 1214 1236 1276 Eo

130 1307 182 1366 vix
190 1307 310 1390 tandem
322 1329 433 1384 mense,
446 1311 587 1378 conlectis
596 1312 753 1391 mysteriis,
764 1309 973 1370 Charidemum
987 1329 1055 1370 cum
1063 1308 1168 1373 decem
1181 1326 1237 1368 na·

129 1397 217 1457 vibus
231 1399 331 1460 vacuis
352 1400 513 1484 ablegastis
529 1411 560 1461 et
572 1403 699 1480 quinque
715 1401 832 1461 talentis
846 1401 980 1480 argenti:
1007 1412 1042 1460 ut
1063 1401 1139 1462 euim
1160 1417 1237 1486 uun·¹

129 1488 237 1548 tiatum
258 1490 325 1565 fuit,
344 1491 511 1572 Philippum
534 1503 675 1571 oegrotare
696 1502 725 1552 et
741 1512 805 1552 esse
830 1502 1085 1552 mortuum-nam
1113 1500 1238 1568 uterque

129 1599 232 1640 rumor
242 1579 544 1658 afferebatur—,nihil
552 1585 616 1664 jam
629 1604 703 1664 opus
714 1605 780 1644 esse
789 1584 898 1644 auxilio
906 1583 971 1656 rati,
981 1583 1129 1656 omisistis,
1140 1580 1238 1652 Athe·
1260 1605 1266 1634 ι

131 1671 262 1746 nienses,
276 1675 500 1754 expeditionem.
541 1677 616 1736 Erat
636 1686 734 1738 autem
755 1695 793 1736 ea
811 1675 876 1756 ipsa
889 1675 1023 1743 occasio;
1046 1694 1115 1735 nam
1128 1675 1153 1745 si
1166 1683 1238 1734 tuno

130 1763 184 1838 illo
195 1765 301 1848 auxilia
311 1766 502 1840 misissemus,
513 1779 546 1826 ut
559 1766 792 1850 decreveramus,
803 1756 948 1839 alacriter,
958 1785 1019 1825 non
1028 1765 1239 1834 molesmsno·

131 1855 178 1938 bis
192 1876 271 1917 nunc
283 1867 361 1918 emet
375 1857 542 1939 Philippus,
556 1868 620 1917 tum
632 1869 834 1923 conservatus.

174 1951 205 2007 4.
225 1949 300 2020 Qua
313 1949 401 2030 igitur
414 1961 477 2010 tum
490 1951 568 2011 facta
581 1961 660 2025 sunt,
676 1971 713 2013 ea
725 1951 836 2012 iniecta
848 1949 911 2011 fieri
924 1969 983 2010 non
996 1959 1136 2030 possunt:
1156 1969 1239 2012 nuuc

134 2049 234 2102 autem
263 2039 380 2100 alterius
405 2042 477 2101 belli
505 2039 622 2101 offertur
646 2044 764 2104 occasio
788 2063 825 2102 ea
850 2043 917 2113 ista,
942 2053 1060 2123 propter
1091 2062 1180 2122 quam
1207 2051 1239 2104 et

134 2129 242 2190 barum
255 2150 353 2191 rerum
366 2133 542 2192 mentionem
556 2133 624 2205 ieci,
637 2154 676 2218 ne
689 2133 794 2193 eadem
802 2134 886 2194 vobis
904 2154 961 2193 usu
981 2135 1112 2195 veniant.
1154 2135 1238 2204 Quo·

136 2221 227 2284 modo
236 2222 326 2301 igitur
336 2243 372 2305 ea
388 2233 513 2296 utemur,
524 2224 739 2284 Athenienses?
765 2224 833 2285 Nisi
842 2226 919 2286 enim
928 2227 1007 2308 omni
1017 2227 1130 2298 robore,
1143 2247 1239 2306 quun-

133 2324 198 2375 tuns
209 2317 341 2394 potestis,
359 2315 493 2393 Olynthiis
514 2335 599 2394 opem
621 2314 755 2388 tuleritis,
769 2326 912 2394 spectate,
925 2327 959 2374 ut
972 2335 991 2374 a
999 2318 1081 2376 uobis
1092 2320 1190 2376 omnia
1203 2337 1240 2378 ex

136 2399 264 2486 Philippi
277 2407 444 2479 commodo,
458 2408 542 2486 quasi
556 2409 620 2487 ejus
636 2406 727 2467 duces
742 2407 859 2480 essetis,
872 2406 1076 2468 administrata
1086 2420 1180 2470 erunt.
1215 2412 1242 2488 li

134 2487 222 2561 erant
235 2501 367 2580 Olynthii
382 2520 505 2580 quorum
519 2499 628 2581 aliquae
647 2502 722 2561 vires
742 2511 852 2573 essent,
872 2512 904 2561 et
916 2502 957 2561 ita
973 2521 1005 2561 se
1018 2522 1064 2561 res
1075 2502 1239 2565 habebant:

133 2612 231 2677 neque
245 2592 397 2674 Philippus
419 2592 475 2667 his,
489 2612 585 2674 neque
603 2592 634 2653 hi
650 2592 788 2674 Philippo
802 2594 1000 2655 confidebant.
1033 2594 1169 2657 Fecimus
1184 2617 1240 2663 nos

136 2694 168 2745 et
184 2684 225 2743 illi
243 2705 347 2765 pacem
373 2687 447 2747 inter
468 2706 543 2747 nos:
572 2695 635 2747 erat
659 2686 691 2748 id
711 2697 853 2768 tanquam
882 2688 1122 2771 impedimentum
1146 2692 1241 2769 quod·

136 2773 207 2853 dam
220 2775 356 2859 Philippo
377 2788 408 2838 et
420 2778 658 2857 incommodum,
682 2780 784 2839 urbem
803 2798 943 2858 magnam
965 2780 1094 2841 velutin
1114 2784 1241 2843 statione

132 2871 255 2947 positum
272 2870 420 2951 invigilare
441 2872 533 2952 ipsius
553 2873 768 2946 occasionibus,
786 2872 872 2931 nobis
891 2871 1118 2934 reconciliatam.
1160 2876 1242 2935 Con-

136 2961 271 3024 citandos
291 2963 320 3021 in
339 2982 405 3023 eum
424 2963 556 3025 homines
575 2964 710 3024 omnibus
730 2964 827 3023 modis
845 2964 1090 3025 existimavimus:
1111 2976 1141 3025 et
1161 2968 1242 3045 quod

137 3074 242 3115 ornnes
264 3066 326 3115 turn
348 3056 532 3131 dictitabant,
554 3056 585 3117 id
607 3077 686 3116 nunc
708 3056 872 3135 perfectum
894 3067 940 3148 est
963 3058 1242 3139 quomodocunque,

138 3146 221 3217 Quid
234 3168 303 3229 ergo
318 3150 454 3229 supersit,
470 3150 678 3223 Athenienses,
692 3150 749 3208 nisi
762 3158 796 3208 ut
807 3149 987 3229 opitulamini
1000 3150 1112 3210 sortiter
1124 3160 1157 3211 et
1168 3163 1243 3213 stre·

138 3241 221 3303 nuel
242 3241 384 3321 Equidem
405 3261 465 3302 nou
480 3242 582 3303 rideo:
605 3252 711 3322 preater
726 3243 884 3301 enimcum
901 3262 990 3321 quem
1008 3262 1177 3323 caperemus
1196 3247 1242 3325 ig-

139 3334 311 3407 nominiam,
329 3336 386 3397 sie
405 3337 490 3396 rebus
510 3336 621 3414 aliquid
640 3356 692 3415 per
710 3335 857 3414 ignaviam
876 3335 1037 3416 prodimus,
1058 3355 1118 3396 non
1138 3355 1243 3418 parum

139 3426 230 3487 etiam
243 3446 279 3487 ee
292 3447 359 3507 quse
374 3438 512 3489 secutura
525 3438 595 3488 sunt
614 3428 774 3487 metuenda
786 3446 851 3487 esse
867 3427 964 3499 video,
984 3427 1054 3487 dum
1076 3428 1193 3509 quidem
1212 3442 1245 3493 et

139 3518 271 3579 'lhebeni
284 3522 326 3580 ita
339 3540 409 3598 erga
422 3540 476 3580 uos
494 3519 612 3580 animati
627 3528 760 3601 sunaus
778 3529 857 3591 sunt,
878 3528 909 3578 et
926 3518 1097 3580 Phocenses
1117 3524 1244 3601 pecunia
1313 3590 1319 3605 Ι

141 3610 351 3683 destituuntur,
373 3622 403 3671 et
418 3611 594 3691 Philippum,
608 3610 657 3697 ubi
678 3629 714 3670 ιι
727 3630 795 3689 qum
814 3630 892 3671 nunc
913 3611 975 3691 agit
987 3612 1156 3691 expedierit,
1170 3615 1244 3677 nihil

142 3704 273 3763 faurum
287 3705 326 3763 sit
338 3704 418 3782 quod
431 3704 582 3784 impediat,
597 3724 656 3783 quo
670 3702 814 3764 minusad
828 3704 894 3763 baec
907 3723 940 3763 se
954 3704 1243 3783 negotiaconvertut.

142 3794 256 3857 Verum
270 3796 296 3855 si
309 3796 372 3875 quis
386 3806 513 3856 vestrum
526 3814 562 3856 eo
575 3815 669 3875 usque
683 3814 796 3855 cessare
809 3796 839 3854 in
853 3792 950 3856 officio
963 3796 1100 3870 instituit,
1114 3800 1139 3857 is
1152 3818 1244 3878 prope

143 3908 176 3949 se
188 3888 289 3947 videre
301 3888 365 3947 vult
376 3888 567 3958 calamitates,
581 3908 648 3949 cum
662 3888 764 3948 liceret
778 3908 840 3962 eas,
855 3888 918 3948 aliis
938 3888 967 3961 in
987 3886 1059 3950 locis
1073 3900 1163 3960 ortas,
1176 3909 1244 3967 pro·

142 3980 192 4041 cul
207 3979 319 4055 audire,
340 3990 370 4041 et
383 4000 513 4061 quaerere
527 3980 581 4041 sibi
603 3981 763 4061 adjutores,
783 4000 851 4040 cum
871 4000 949 4041 nunc
969 3982 1026 4059 ipsi
1047 3982 1150 4039 liceret
1169 3980 1243 4041 ulios

143 4072 304 4155 adjuvare:
326 4075 385 4134 huc
402 4074 479 4134 enirn
496 4074 615 4157 tandem
632 4094 693 4135 rem
711 4082 927 4154 perventurum,
944 4072 968 4133 si
990 4074 1054 4135 hoec
1072 4072 1241 4152 neglexeri-

143 4184 222 4237 mus,
236 4165 295 4225 fere
309 4186 411 4227 omnes
424 4167 524 4247 utique
534 4167 650 4228 seimus.

186 4258 215 4316 5.
236 4257 277 4317 At
297 4258 434 4319 auxilium
448 4279 514 4321 esse
526 4260 690 4333 ferendum,
706 4258 813 4321 dixerit
833 4258 949 4337 uliquis,
964 4275 1063 4318 omnes
1078 4261 1245 4339 statuimus,
1461 4317 1463 4342 ,

144 4362 176 4411 et
188 4350 331 4411 feremus:
353 4352 501 4431 quomodo
518 4362 614 4413 autem
626 4352 775 4431 strandum
794 4353 842 4423 sit,
856 4351 887 4410 id
910 4350 1010 4409 dicito.
1052 4350 1151 4413 Nolite
1172 4372 1246 4432 ergo,
1461 4385 1463 4464 p

143 4440 251 4529 inituri,
259 4444 501 4519 Athenienses,si
510 4444 580 4524 quid
588 4442 826 4523 exponam,quod
833 4441 1244 4525 plerisquenovumvideatur,
