2934 5000
265 321 323 387 rte
481 279 485 288 ¹
687 321 744 392 un
765 317 948 390 coneus.

261 457 334 522 uihil
347 471 426 524 esset
437 461 584 542 proditore
595 461 721 525 beotius.
742 459 852 528 Verum
865 477 923 520 non
943 457 985 518 its
997 465 1053 528 est,
1066 473 1136 514 non.
1163 451 1222 522 Qui
1236 447 1365 530 potest?

262 551 386 612 multum
400 563 478 627 certe
491 555 582 614 obest
604 553 663 614 Sed
678 553 853 632 simttlatque
864 549 949 630 isqui
963 545 1113 628 imperium
1129 541 1250 604 affectat
1259 561 1365 602 rerum

262 644 296 704 ht
308 644 656 716 dominus,etiameorum
667 645 801 706 dominus
814 645 848 704 fit
861 643 911 721 qui
925 643 980 700 ists
992 637 1194 707 vendiderunt,
1203 643 1366 716 perspecta

169 726 172 733 ⁴
262 747 360 796 autern
373 737 488 797 illorum
502 740 684 819 improbitate
704 750 766 798 tum
782 757 859 807 vero,
874 745 936 794 turn
949 733 1016 794 illos
1035 743 1066 792 et
1083 730 1147 790 odit
1159 739 1189 788 et
1201 736 1364 807 suspectos

262 825 352 887 hahet
360 840 391 888 et
404 831 580 892 contumelia
590 841 686 890 vexat.
716 831 792 890 Rem
805 829 956 888 vobiscum
974 833 1126 905 reputate:
1148 821 1253 882 etenim
1268 820 1293 878 si
1313 819 1365 900 ip-

263 941 470 983 rerumrerum
484 936 599 1004 tempus
613 923 794 1003 proeterierit,
816 933 847 980 st
863 940 913 982 eas
928 915 1127 998 cognoscendi
1147 925 1262 992 tempus
1283 932 1363 972 nun-

263 1030 351 1087 quam
363 1033 421 1073 non
435 1016 522 1074 adest
534 1015 673 1076 cordatis.
696 1014 851 1093 Tantisper
866 1011 1026 1074 Lasthenes
1038 1008 1147 1068 amicus
1168 1003 1294 1084 Philippi
1305 1023 1361 1063 no-

262 1105 436 1178 minabatur,
454 1108 526 1168 dum
549 1099 711 1187 Olyr'uthum
728 1105 920 1190 prodidisset:
947 1103 1089 1182 tantisper
1104 1097 1269 1169 Timolaus,
1287 1097 1360 1155 dum

263 1195 378 1260 Thebas
402 1199 615 1280 pessundedit:
638 1202 779 1281 tantisper
800 1198 930 1258 Eudicus
954 1207 984 1256 et
1004 1193 1100 1256 Simus
1122 1189 1265 1260 Larissoei,
1287 1189 1362 1248 dum

199 1357 204 1373 ¹
264 1287 447 1352 Thessaliam
462 1289 596 1371 Philippo
610 1291 805 1371 subjecerunt
843 1287 964 1358 Deinde,
977 1306 1043 1348 oum
1058 1284 1233 1366 ejicerentur
1244 1291 1273 1340 et
1286 1301 1361 1342 oon-

263 1382 389 1444 tuureliis
403 1385 543 1466 exagitati
555 1398 656 1454 essent
669 1396 700 1445 et
712 1385 784 1446 nihil
798 1404 857 1444 uon
870 1382 999 1444 subirent
1012 1379 1091 1452 meli,
1104 1378 1254 1437 universus
1267 1385 1363 1435 terra-

263 1493 328 1536 rum
346 1475 424 1536 orbis
437 1477 601 1560 completus
614 1488 661 1543 est
672 1475 876 1558 proditoribus.
903 1473 981 1544 Quid
997 1472 1159 1532 Aristrstus
1175 1467 1311 1548 Sicyone,
1331 1478 1364 1527 et

159 1631 169 1642 ,
262 1565 333 1646 quid
345 1567 475 1650 Megaris
481 1569 634 1632 Perilausl
647 1589 705 1632 non
716 1570 789 1630 viles
797 1578 884 1650 etque
895 1563 1021 1644 abjecti?
1037 1560 1084 1624 Ex
1093 1561 1197 1646 quibus
1206 1559 1364 1620 evidentis·

264 1657 336 1719 sime
349 1660 441 1723 cuivis
455 1662 553 1726 ridere
567 1662 648 1734 licet,
666 1664 717 1742 qui
730 1661 850 1744 patriam
870 1677 952 1724 susm
973 1656 1105 1718 defendit
1117 1653 1240 1714 maxime
1254 1653 1364 1734 quique

263 1749 327 1811 istis
338 1753 495 1834 plurimum
505 1753 684 1826 adversetur,
694 1774 762 1816 eum
771 1755 862 1824 uobis,
874 1749 1022 1824 AEschine,
1033 1746 1225 1828 proditoribus
1237 1766 1272 1808 sc
1285 1767 1362 1806 mer-

264 1841 473 1915 cenariisuude
483 1844 608 1921 pretium
618 1845 768 1924 accipiatis
777 1843 976 1928 suppeditare,
991 1851 1031 1914 et,
1041 1839 1120 1918 quod
1130 1837 1161 1898 id
1176 1857 1268 1920 genus
1277 1839 1363 1898 mulu'
1459 1837 1460 1842 ’

264 1930 323 1990 sint
335 1940 367 1990 et
376 1933 478 1994 restris
502 1934 629 1995 consiliis
642 1936 834 2013 refragentur,
847 1954 899 1994 vos
913 1934 1009 1994 salvos
1023 1951 1089 1995 esse
1110 1952 1146 1992 ac
1159 1930 1290 1992 mercede
1305 1950 1362 1990 su-

264 2033 339 2092 ctos.
359 2043 426 2084 narn
440 2026 626 2104 quantumin
639 2025 847 2105 vobisquidem
860 2025 929 2106 ipsis
943 2025 999 2084 tuit
1006 2023 1180 2109 jamdudum
1195 2021 1362 2102 periissetis.

307 2116 354 2174 16.
375 2116 419 2176 Ac
438 2117 475 2178 de
489 2117 523 2178 iis
536 2117 669 2200 profecto
682 2139 750 2198 quse
769 2130 831 2181 tum
845 2128 928 2197 gesta
941 2111 1149 2176 suut'tsmetsi
1168 2114 1260 2174 multo
1273 2113 1364 2198 plura

141 2272 145 2282 ,
263 2203 386 2266 habeam
400 2207 508 2281 dicere,
521 2209 587 2274 brec
601 2222 698 2272 mineo
712 2211 796 2275 nimis
810 2211 904 2272 mults
922 2209 999 2271 dicta
1014 2227 1080 2267 esse
1090 2217 1173 2288 puto·
1206 2207 1299 2285 Cujus
1318 2208 1362 2267 rei

263 2297 319 2363 iste
328 2301 444 2380 culpam
457 2303 594 2376 sustinet,
601 2303 651 2382 qui
659 2323 721 2366 sure
730 2302 923 2386 improbitatis
934 2299 1110 2380 suorumque
1124 2299 1298 2380 flagitiorum
1309 2317 1363 2360 re-

261 2389 314 2450 luti
337 2392 503 2456 hesternam
517 2395 666 2474 crapulam
679 2394 709 2455 in
734 2417 781 2459 me
800 2396 937 2467 euomuit,
951 2413 1039 2473 quam
1061 2409 1180 2453 necesse
1201 2390 1256 2450 luit
1278 2389 1363 2469 apud

262 2503 315 2545 ros
329 2488 379 2565 qui
390 2487 476 2548 rehus
490 2487 545 2549 illis
554 2487 683 2567 juniores
698 2488 768 2549 estis
783 2487 888 2553 eluere.
912 2487 972 2547 Vos
987 2497 1084 2547 autem
1098 2485 1220 2547 fortssse
1233 2483 1303 2544 estis
1313 2481 1365 2542 in-

263 2580 426 2653 terturbari,
439 2580 490 2657 qui
501 2580 582 2658 prius
594 2581 681 2642 etism
691 2600 780 2662 quam
789 2582 908 2639 verbum
920 2600 976 2661 ego
986 2580 1076 2640 ullum
1091 2580 1216 2639 lacerem
1228 2576 1364 2636 venalem

263 2668 345 2729 istius
360 2688 479 2749 operam
491 2672 645 2734 noveratis.
678 2672 774 2741 Quem
790 2682 886 2733 temen
900 2673 963 2753 ipse
983 2671 1139 2731 amicitiem
1157 2680 1188 2731 et
1200 2670 1363 2755 hospitium

263 2761 403 2831 nominat,
418 2760 843 2839 atquenuncnlicubidixitis
866 2762 929 2842 qui
953 2762 1041 2823 mihi
1062 2760 1279 2823 Alexandri
1302 2760 1363 2819 ho·

263 2849 428 2930 spitium
465 2855 700 2929 exprobrat.
739 2854 803 2933 Ego
826 2853 879 2913 tihi
898 2854 1057 2934 hospitium
1080 2850 1363 2914 Alexandrilunde

227 2937 230 2943 ’
262 2953 423 3005 oonseeuto
432 2954 485 3003 sut
496 2945 615 3022 quinam
626 2946 747 3007 merito?
769 2944 834 3007 Neo
847 2944 972 3029 Philippi
983 2946 1106 3009 amicum
1120 2964 1214 3025 neque
1229 2944 1363 3005 Alexan-

261 3036 306 3097 dri
327 3035 470 3116 hospitem
484 3054 540 3115 ego
553 3046 582 3095 te
596 3036 778 3117 appellarim,
794 3058 853 3099 non
866 3039 907 3099 its
920 3038 1043 3111 insanio,
1055 3037 1112 3097 nisi
1126 3036 1200 3095 forte
1216 3054 1361 3097 messores

262 3126 368 3207 aliique
380 3126 429 3206 qui
438 3145 506 3185 suas
517 3146 621 3207 operas
634 3129 767 3189 mercede
781 3130 881 3191 locant
895 3129 980 3189 ornici
993 3141 1081 3207 atque
1089 3128 1218 3207 hospites
1228 3137 1297 3187 sunt
1306 3146 1362 3207 ep·

263 3219 392 3301 pellendi
415 3238 545 3280 eorums
562 3220 667 3298 quibus
682 3221 819 3281 conducti
834 3233 913 3287 sunt,
951 3221 1060 3281 Verum
1080 3238 1138 3278 non
1159 3220 1201 3278 ita
1220 3228 1277 3291 est,
1290 3236 1361 3278 uon.

263 3313 321 3379 Qui
334 3308 433 3373 enimi
453 3309 578 3371 multum
588 3320 667 3371 certe
680 3312 774 3373 abest
796 3312 839 3370 At
853 3312 1060 3373 mercenarium
1074 3330 1130 3389 ego
1140 3320 1169 3369 te
1184 3310 1261 3375 sicut
1273 3319 1363 3370 antea

264 3405 400 3485 Philippi,
416 3405 457 3464 ita
475 3423 554 3463 nunc
568 3403 729 3463 Alexandri
743 3402 818 3477 dico,
841 3404 913 3473 ethi
932 3404 1018 3467 etiarn
1039 3423 1149 3463 omnes.
1185 3404 1217 3462 Si
1232 3402 1361 3476 dubias,

262 3496 437 3573 interrogato
450 3515 511 3555 eos.
527 3496 607 3565 Quin
615 3504 732 3573 egomet
744 3506 833 3577 prote
850 3496 908 3557 hoe
917 3495 1032 3556 faciam.
1050 3495 1153 3552 Utrum
1163 3494 1255 3563 robis,
1267 3492 1361 3553 Athe-

262 3587 388 3655 nienses,
409 3589 605 3648 mercenarius
620 3588 771 3649 AEschines
785 3608 821 3649 sn
841 3589 948 3667 hospes
963 3608 1028 3648 esse
1048 3584 1209 3647 Alexandri
1226 3585 1361 3645 ridetur?

263 3678 366 3750 Audis,
374 3677 445 3756 quid
459 3680 571 3741 dicunt.
599 3682 686 3741 Nunc
696 3679 785 3759 igitur
794 3680 840 3741 isti
851 3681 888 3741 de
903 3682 1088 3743 accusatione
1099 3678 1277 3759 respondere
1290 3680 1359 3741 volo

263 3771 406 3849 simulque
416 3783 657 3849 resmessgestss
666 3791 824 3851 exponere,
835 3782 868 3831 ut
878 3792 1042 3853 quanquam
1053 3772 1183 3851 pernorit
1192 3770 1358 3847 AEschines‚

262 3864 364 3927 audiat
375 3873 482 3933 minen,
493 3882 567 3939 quas
579 3862 618 3922 oh
633 3882 738 3925 causas
750 3884 805 3943 ego
820 3885 866 3924 me
880 3885 940 3924 non
961 3864 994 3923 iis
1008 3874 1121 3925 tautum
1135 3884 1200 3941 qum
1221 3883 1239 3923 a
1252 3874 1359 3924 senatu

263 3956 381 4019 decreta
391 3964 576 4031 suntverum
585 3954 671 4017 etiam
679 3956 767 4035 longe
776 3957 931 4037 majoribus
939 3956 1063 4039 prssmiis
1077 3956 1199 4037 dignum
1207 3976 1274 4017 esse
1286 3976 1359 4018 con-

262 4049 390 4111 tendam.
412 4046 500 4130 Sume
514 4045 602 4124 igitur
616 4047 706 4125 ipsius
723 4050 916 4110 accusationis
930 4050 1072 4121 libellum,
1085 4060 1116 4109 et
1126 4049 1226 4109 recita.

680 4252 929 4315 sccusnulo.

293 4382 335 4428 rr.
350 4380 466 4429 nsum
477 4380 613 4437 msere
624 4388 693 4429 aas
707 4382 748 4429 ur·
762 4383 848 4432 mnu·
864 4371 1064 4447 ermemiro-n,
1079 4384 1329 4433 hummaro
1338 4385 1357 4433 r.

262 4454 403 4507 awa
411 4456 525 4515 ludicius
536 4456 568 4505 ds
578 4458 680 4507 &urstis
688 4458 782 4521 legibus
790 4460 934 4511 sdverristd
941 4460 1081 4515 trem
1090 4458 1355 4524 dtlitiufltssbhn·

264 4542 310 4586 ts·
320 4532 456 4587 horbem·
466 4534 483 4583 l.
494 4534 680 4597 boumhaim,
689 4537 754 4599 quod
764 4538 881 4591 dsmstuxr
893 4544 973 4589 mnus
982 4538 1047 4599 tege
1057 4538 1119 4594 tulit,
1136 4552 1212 4605 urps
1228 4543 1255 4587 st
1266 4536 1355 4591 osse—
