<?xml version="1.0" encoding="UTF-8"?>
<!DOCTYPE html PUBLIC "-//W3C//DTD XHTML 1.0 Transitional//EN"
    "http://www.w3.org/TR/xhtml1/DTD/xhtml1-transitional.dtd">
<html xmlns="http://www.w3.org/1999/xhtml" xml:lang="en" lang="en">
 <head>
  <title>
</title>
<meta http-equiv="Content-Type" content="text/html;charset=utf-8" />
  <meta name='ocr-system' content='tesseract 3.04.00' />
  <meta name='ocr-capabilities' content='ocr_page ocr_carea ocr_par ocr_line ocrx_word'/>
</head>
<body>
  <div class='ocr_page' id='page_1' title='image "./demosthenisetsc09ulpigoog/demosthenisetsc09ulpigoog_0070.png"; bbox 0 0 2934 5000; ppageno 0'>
   <div class='ocr_carea' id='block_1_1' title="bbox 319 423 1199 616">
    <p class='ocr_par' dir='ltr' id='par_1_1' title="bbox 319 423 1199 616">
     <span class='ocr_line' id='line_1_1' title="bbox 319 423 1199 505; baseline -0.01 -10"><span class='ocrx_word' id='word_1_1' title='bbox 319 433 479 496; x_wconf 79' lang='lat' dir='ltr'>Lrssuu</span> <span class='ocrx_word' id='word_1_2' title='bbox 502 429 808 505; x_wconf 71' lang='lat' dir='ltr'>suuuuuuruu</span> <span class='ocrx_word' id='word_1_3' title='bbox 830 429 874 490; x_wconf 78' lang='lat' dir='ltr'>m</span> <span class='ocrx_word' id='word_1_4' title='bbox 896 423 1199 488; x_wconf 76' lang='lat' dir='ltr'>ouruuurucuu</span> 
     </span>
     <span class='ocr_line' id='line_1_2' title="bbox 519 536 1002 616; baseline -0.01 -16"><span class='ocrx_word' id='word_1_5' title='bbox 519 539 755 602; x_wconf 67' lang='lat' dir='ltr'>sucronem</span> <span class='ocrx_word' id='word_1_6' title='bbox 775 536 1002 616; x_wconf 74' lang='lat' dir='ltr'>(rourum.)</span> 
     </span>
    </p>
   </div>
   <div class='ocr_carea' id='block_1_2' title="bbox 204 675 1313 1276">
    <p class='ocr_par' dir='ltr' id='par_1_2' title="bbox 204 675 1312 1276">
     <span class='ocr_line' id='line_1_3' title="bbox 238 675 1308 743; baseline -0.008 -14"><span class='ocrx_word' id='word_1_7' title='bbox 238 681 424 730; x_wconf 78' lang='lat' dir='ltr'>Arururuusrs</span> <span class='ocrx_word' id='word_1_8' title='bbox 436 680 554 740; x_wconf 75' lang='lat' dir='ltr'>Olynthiis</span> <span class='ocrx_word' id='word_1_9' title='bbox 564 681 651 728; x_wconf 80' lang='lat' dir='ltr'>auxilia</span> <span class='ocrx_word' id='word_1_10' title='bbox 662 681 780 738; x_wconf 80' lang='lat' dir='ltr'>miserant,</span> <span class='ocrx_word' id='word_1_11' title='bbox 798 681 884 743; x_wconf 78' lang='lat' dir='ltr'>quibua</span> <span class='ocrx_word' id='word_1_12' title='bbox 901 679 991 743; x_wconf 83' lang='lat' dir='ltr'>aliquid</span> <span class='ocrx_word' id='word_1_13' title='bbox 1006 679 1137 742; x_wconf 74' lang='lat' dir='ltr'>proiecisse</span> <span class='ocrx_word' id='word_1_14' title='bbox 1155 675 1308 724; x_wconf 74' lang='lat' dir='ltr'>videbantur.</span> 
     </span>
     <span class='ocr_line' id='line_1_4' title="bbox 208 751 1308 840; baseline -0.005 -36"><span class='ocrx_word' id='word_1_15' title='bbox 208 757 279 816; x_wconf 88' lang='lat' dir='ltr'>Quod</span> <span class='ocrx_word' id='word_1_16' title='bbox 294 771 347 804; x_wconf 86' lang='lat' dir='ltr'>oum</span> <span class='ocrx_word' id='word_1_17' title='bbox 364 757 398 804; x_wconf 84' lang='lat' dir='ltr'>eis</span> <span class='ocrx_word' id='word_1_18' title='bbox 409 756 565 812; x_wconf 84' lang='lat' dir='ltr'>nunciaretur,</span> <span class='ocrx_word' id='word_1_19' title='bbox 576 763 600 806; x_wconf 88' lang='lat' dir='ltr'>et</span> <span class='ocrx_word' id='word_1_20' title='bbox 611 758 709 820; x_wconf 82' lang='lat' dir='ltr'>populus</span> <span class='ocrx_word' id='word_1_21' title='bbox 722 757 808 820; x_wconf 80' lang='lat' dir='ltr'>gaudio</span> <span class='ocrx_word' id='word_1_22' title='bbox 817 757 959 813; x_wconf 79' lang='lat' dir='ltr'>exsultabat,</span> <span class='ocrx_word' id='word_1_23' title='bbox 972 763 998 804; x_wconf 83' lang='lat' dir='ltr'>et</span> <span class='ocrx_word' id='word_1_24' title='bbox 1008 761 1116 805; x_wconf 78' lang='lat' dir='ltr'>oratores</span> <span class='ocrx_word' id='word_1_25' title='bbox 1127 754 1157 801; x_wconf 83' lang='lat' dir='ltr'>ad</span> <span class='ocrx_word' id='word_1_26' title='bbox 1171 751 1308 840; x_wconf 78' lang='lat' dir='ltr'>Philippum</span> 
     </span>
     <span class='ocr_line' id='line_1_5' title="bbox 204 825 1310 892; baseline -0.007 -10"><span class='ocrx_word' id='word_1_27' title='bbox 204 833 367 882; x_wconf 78' lang='lat' dir='ltr'>ulciscendum</span> <span class='ocrx_word' id='word_1_28' title='bbox 378 833 535 880; x_wconf 84' lang='lat' dir='ltr'>hortabantur.</span> <span class='ocrx_word' id='word_1_29' title='bbox 581 833 751 882; x_wconf 81' lang='lat' dir='ltr'>Demosthenes</span> <span class='ocrx_word' id='word_1_30' title='bbox 762 840 839 882; x_wconf 81' lang='lat' dir='ltr'>autem</span> <span class='ocrx_word' id='word_1_31' title='bbox 850 833 939 883; x_wconf 81' lang='lat' dir='ltr'>veritus</span> <span class='ocrx_word' id='word_1_32' title='bbox 956 847 986 880; x_wconf 77' lang='lat' dir='ltr'>ae</span> <span class='ocrx_word' id='word_1_33' title='bbox 998 829 1084 878; x_wconf 81' lang='lat' dir='ltr'>fidncia</span> <span class='ocrx_word' id='word_1_34' title='bbox 1097 827 1170 892; x_wconf 86' lang='lat' dir='ltr'>pleni,</span> <span class='ocrx_word' id='word_1_35' title='bbox 1182 827 1259 888; x_wconf 78' lang='lat' dir='ltr'>utqui</span> <span class='ocrx_word' id='word_1_36' title='bbox 1271 825 1310 875; x_wconf 81' lang='lat' dir='ltr'>vi·</span> 
     </span>
     <span class='ocr_line' id='line_1_6' title="bbox 210 904 1311 972; baseline -0.007 -15"><span class='ocrx_word' id='word_1_37' title='bbox 210 911 298 958; x_wconf 76' lang='lat' dir='ltr'>simut</span> <span class='ocrx_word' id='word_1_38' title='bbox 313 910 399 965; x_wconf 82' lang='lat' dir='ltr'>omnis,</span> <span class='ocrx_word' id='word_1_39' title='bbox 410 914 435 956; x_wconf 90' lang='lat' dir='ltr'>et</span> <span class='ocrx_word' id='word_1_40' title='bbox 451 909 540 957; x_wconf 82' lang='lat' dir='ltr'>auxilia</span> <span class='ocrx_word' id='word_1_41' title='bbox 553 909 609 958; x_wconf 81' lang='lat' dir='ltr'>sotis</span> <span class='ocrx_word' id='word_1_42' title='bbox 628 925 711 972; x_wconf 73' lang='lat' dir='ltr'>magns</span> <span class='ocrx_word' id='word_1_43' title='bbox 727 909 845 958; x_wconf 72' lang='lat' dir='ltr'>minimam</span> <span class='ocrx_word' id='word_1_44' title='bbox 856 907 986 970; x_wconf 70' lang='lat' dir='ltr'>Olynthiis,</span> <span class='ocrx_word' id='word_1_45' title='bbox 998 907 1089 969; x_wconf 80' lang='lat' dir='ltr'>reliqna</span> <span class='ocrx_word' id='word_1_46' title='bbox 1105 904 1263 966; x_wconf 69' lang='lat' dir='ltr'>negligerent,</span> <span class='ocrx_word' id='word_1_47' title='bbox 1279 915 1311 949; x_wconf 79' lang='lat' dir='ltr'>es</span> 
     </span>
     <span class='ocr_line' id='line_1_7' title="bbox 209 971 1311 1048; baseline -0.009 -14"><span class='ocrx_word' id='word_1_48' title='bbox 209 988 240 1034; x_wconf 87' lang='lat' dir='ltr'>ds</span> <span class='ocrx_word' id='word_1_49' title='bbox 249 1001 319 1034; x_wconf 76' lang='lat' dir='ltr'>musa</span> <span class='ocrx_word' id='word_1_50' title='bbox 328 1001 475 1048; x_wconf 74' lang='lat' dir='ltr'>progressus,</span> <span class='ocrx_word' id='word_1_51' title='bbox 487 1001 566 1034; x_wconf 80' lang='lat' dir='ltr'>eornm</span> <span class='ocrx_word' id='word_1_52' title='bbox 575 988 730 1048; x_wconf 70' lang='lat' dir='ltr'>arrogantiam</span> <span class='ocrx_word' id='word_1_53' title='bbox 738 987 851 1044; x_wconf 80' lang='lat' dir='ltr'>retundit,</span> <span class='ocrx_word' id='word_1_54' title='bbox 861 993 887 1033; x_wconf 88' lang='lat' dir='ltr'>et</span> <span class='ocrx_word' id='word_1_55' title='bbox 897 985 927 1034; x_wconf 78' lang='lat' dir='ltr'>sd</span> <span class='ocrx_word' id='word_1_56' title='bbox 940 985 1069 1032; x_wconf 76' lang='lat' dir='ltr'>medemur</span> <span class='ocrx_word' id='word_1_57' title='bbox 1079 971 1208 1030; x_wconf 72' lang='lat' dir='ltr'>motionem</span> <span class='ocrx_word' id='word_1_58' title='bbox 1217 979 1311 1026; x_wconf 78' lang='lat' dir='ltr'>animos</span> 
     </span>
     <span class='ocr_line' id='line_1_8' title="bbox 209 1056 1313 1126; baseline -0.008 -14"><span class='ocrx_word' id='word_1_59' title='bbox 209 1062 326 1112; x_wconf 64' lang='lat' dir='ltr'>munit:</span> <span class='ocrx_word' id='word_1_60' title='bbox 338 1063 400 1124; x_wconf 88' lang='lat' dir='ltr'>quod</span> <span class='ocrx_word' id='word_1_61' title='bbox 411 1077 456 1110; x_wconf 86' lang='lat' dir='ltr'>non</span> <span class='ocrx_word' id='word_1_62' title='bbox 471 1063 501 1109; x_wconf 86' lang='lat' dir='ltr'>de</span> <span class='ocrx_word' id='word_1_63' title='bbox 512 1061 618 1126; x_wconf 85' lang='lat' dir='ltr'>Philippi</span> <span class='ocrx_word' id='word_1_64' title='bbox 634 1063 722 1112; x_wconf 84' lang='lat' dir='ltr'>ultione</span> <span class='ocrx_word' id='word_1_65' title='bbox 733 1078 795 1111; x_wconf 83' lang='grc' dir='ltr'>ιιιιιο</span> <span class='ocrx_word' id='word_1_66' title='bbox 805 1063 841 1110; x_wconf 84' lang='lat' dir='ltr'>sis</span> <span class='ocrx_word' id='word_1_67' title='bbox 851 1061 1027 1110; x_wconf 80' lang='lat' dir='ltr'>deliberandam</span> <span class='ocrx_word' id='word_1_68' title='bbox 1039 1061 1078 1119; x_wconf 80' lang='lat' dir='ltr'>sit,</span> <span class='ocrx_word' id='word_1_69' title='bbox 1089 1059 1131 1107; x_wconf 80' lang='lat' dir='ltr'>sed</span> <span class='ocrx_word' id='word_1_70' title='bbox 1141 1057 1172 1106; x_wconf 83' lang='lat' dir='ltr'>de</span> <span class='ocrx_word' id='word_1_71' title='bbox 1182 1056 1259 1105; x_wconf 80' lang='lat' dir='ltr'>salute</span> <span class='ocrx_word' id='word_1_72' title='bbox 1271 1070 1313 1103; x_wconf 85' lang='lat' dir='ltr'>so·</span> 
     </span>
     <span class='ocr_line' id='line_1_9' title="bbox 209 1126 1312 1198; baseline -0.008 -10"><span class='ocrx_word' id='word_1_73' title='bbox 209 1141 307 1188; x_wconf 85' lang='lat' dir='ltr'>oiomm.</span> <span class='ocrx_word' id='word_1_74' title='bbox 339 1139 434 1187; x_wconf 81' lang='lat' dir='ltr'>Sciebat</span> <span class='ocrx_word' id='word_1_75' title='bbox 445 1139 505 1187; x_wconf 89' lang='lat' dir='ltr'>enim</span> <span class='ocrx_word' id='word_1_76' title='bbox 517 1147 540 1186; x_wconf 88' lang='lat' dir='ltr'>et</span> <span class='ocrx_word' id='word_1_77' title='bbox 552 1138 716 1198; x_wconf 77' lang='lat' dir='ltr'>Athenienses,</span> <span class='ocrx_word' id='word_1_78' title='bbox 727 1145 752 1188; x_wconf 90' lang='lat' dir='ltr'>et</span> <span class='ocrx_word' id='word_1_79' title='bbox 763 1139 822 1188; x_wconf 79' lang='lat' dir='ltr'>alios</span> <span class='ocrx_word' id='word_1_80' title='bbox 830 1140 930 1188; x_wconf 75' lang='lat' dir='ltr'>tortum</span> <span class='ocrx_word' id='word_1_81' title='bbox 943 1137 1076 1192; x_wconf 81' lang='lat' dir='ltr'>nonnullos,</span> <span class='ocrx_word' id='word_1_82' title='bbox 1086 1151 1129 1185; x_wconf 82' lang='lat' dir='ltr'>ma</span> <span class='ocrx_word' id='word_1_83' title='bbox 1143 1126 1239 1195; x_wconf 69' lang='lat' dir='ltr'>quidem</span> <span class='ocrx_word' id='word_1_84' title='bbox 1249 1131 1312 1180; x_wconf 81' lang='lat' dir='ltr'>reti-</span> 
     </span>
     <span class='ocr_line' id='line_1_10' title="bbox 207 1212 1211 1276; baseline -0.006 -12"><span class='ocrx_word' id='word_1_85' title='bbox 207 1216 279 1264; x_wconf 83' lang='lat' dir='ltr'>nendi</span> <span class='ocrx_word' id='word_1_86' title='bbox 289 1229 367 1262; x_wconf 83' lang='lat' dir='ltr'>curam</span> <span class='ocrx_word' id='word_1_87' title='bbox 378 1215 498 1276; x_wconf 81' lang='lat' dir='ltr'>suscipere</span> <span class='ocrx_word' id='word_1_88' title='bbox 507 1216 577 1272; x_wconf 79' lang='lat' dir='ltr'>velle,</span> <span class='ocrx_word' id='word_1_89' title='bbox 585 1217 616 1264; x_wconf 85' lang='lat' dir='ltr'>de</span> <span class='ocrx_word' id='word_1_90' title='bbox 628 1217 768 1264; x_wconf 77' lang='lat' dir='ltr'>ulciscendis</span> <span class='ocrx_word' id='word_1_91' title='bbox 780 1222 858 1264; x_wconf 69' lang='lat' dir='ltr'>autu</span> <span class='ocrx_word' id='word_1_92' title='bbox 867 1213 1008 1263; x_wconf 76' lang='lat' dir='ltr'>adversariis</span> <span class='ocrx_word' id='word_1_93' title='bbox 1016 1212 1092 1261; x_wconf 75' lang='grc' dir='ltr'>ιιιὶιιιιι</span> <span class='ocrx_word' id='word_1_94' title='bbox 1098 1212 1211 1259; x_wconf 78' lang='lat' dir='ltr'>laborare.</span> 
     </span>
    </p>
   </div>
   <div class='ocr_carea' id='block_1_3' title="bbox 241 1286 1415 1365">
    <p class='ocr_par' dir='ltr' id='par_1_3' title="bbox 241 1286 1415 1365">
     <span class='ocr_line' id='line_1_11' title="bbox 241 1286 1415 1365; baseline 0 -24"><span class='ocrx_word' id='word_1_95' title='bbox 241 1295 270 1342; x_wconf 90' lang='lat' dir='ltr'>lu</span> <span class='ocrx_word' id='word_1_96' title='bbox 279 1294 322 1341; x_wconf 84' lang='lat' dir='ltr'>hso</span> <span class='ocrx_word' id='word_1_97' title='bbox 329 1293 436 1341; x_wconf 77' lang='lat' dir='ltr'>oratioue</span> <span class='ocrx_word' id='word_1_98' title='bbox 444 1293 499 1340; x_wconf 90' lang='lat' dir='ltr'>illud</span> <span class='ocrx_word' id='word_1_99' title='bbox 513 1293 583 1342; x_wconf 81' lang='lat' dir='ltr'>etiam</span> <span class='ocrx_word' id='word_1_100' title='bbox 593 1294 715 1342; x_wconf 71' lang='lat' dir='ltr'>curulium</span> <span class='ocrx_word' id='word_1_101' title='bbox 726 1295 756 1342; x_wconf 84' lang='lat' dir='ltr'>de</span> <span class='ocrx_word' id='word_1_102' title='bbox 765 1293 872 1342; x_wconf 70' lang='lat' dir='ltr'>thmbsli</span> <span class='ocrx_word' id='word_1_103' title='bbox 878 1291 978 1354; x_wconf 83' lang='lat' dir='ltr'>pecnnia</span> <span class='ocrx_word' id='word_1_104' title='bbox 988 1290 1083 1352; x_wconf 72' lang='lat' dir='ltr'>attingit</span> <span class='ocrx_word' id='word_1_105' title='bbox 1089 1288 1204 1353; x_wconf 76' lang='lat' dir='ltr'>apertius,</span> <span class='ocrx_word' id='word_1_106' title='bbox 1211 1293 1237 1335; x_wconf 81' lang='grc' dir='ltr'>οῑ</span> <span class='ocrx_word' id='word_1_107' title='bbox 1244 1286 1311 1348; x_wconf 70' lang='lat'><strong>¹030·</strong></span> <span class='ocrx_word' id='word_1_108' title='bbox 1411 1359 1415 1365; x_wconf 32' lang='grc' dir='ltr'>Ι</span> 
     </span>
    </p>
   </div>
   <div class='ocr_carea' id='block_1_4' title="bbox 207 1361 1313 1510">
    <p class='ocr_par' dir='ltr' id='par_1_4' title="bbox 207 1361 1313 1510">
     <span class='ocr_line' id='line_1_12' title="bbox 207 1361 1312 1436; baseline -0.006 -18"><span class='ocrx_word' id='word_1_109' title='bbox 207 1372 312 1436; x_wconf 74' lang='lat' dir='ltr'>postulat</span> <span class='ocrx_word' id='word_1_110' title='bbox 328 1362 443 1432; x_wconf 67' lang='lat' dir='ltr'>adrogari,</span> <span class='ocrx_word' id='word_1_111' title='bbox 456 1386 508 1432; x_wconf 75' lang='lat' dir='ltr'>quae</span> <span class='ocrx_word' id='word_1_112' title='bbox 519 1371 627 1419; x_wconf 83' lang='lat' dir='ltr'>mulctam</span> <span class='ocrx_word' id='word_1_113' title='bbox 642 1371 765 1432; x_wconf 76' lang='lat' dir='ltr'>imponent</span> <span class='ocrx_word' id='word_1_114' title='bbox 775 1369 816 1427; x_wconf 82' lang='lat' dir='ltr'>iis,</span> <span class='ocrx_word' id='word_1_115' title='bbox 823 1371 864 1433; x_wconf 86' lang='lat' dir='ltr'>qni</span> <span class='ocrx_word' id='word_1_116' title='bbox 875 1369 1027 1418; x_wconf 78' lang='lat' dir='ltr'>decernerent</span> <span class='ocrx_word' id='word_1_117' title='bbox 1037 1374 1063 1413; x_wconf 89' lang='lat' dir='ltr'>ut</span> <span class='ocrx_word' id='word_1_118' title='bbox 1071 1381 1101 1413; x_wconf 81' lang='lat' dir='ltr'>ss</span> <span class='ocrx_word' id='word_1_119' title='bbox 1111 1365 1178 1413; x_wconf 76' lang='lat' dir='ltr'>fieret</span> <span class='ocrx_word' id='word_1_120' title='bbox 1186 1361 1312 1422; x_wconf 58' lang='lat' dir='ltr'>miluum</span> 
     </span>
     <span class='ocr_line' id='line_1_13' title="bbox 210 1439 1313 1510; baseline -0.007 -16"><span class='ocrx_word' id='word_1_121' title='bbox 210 1462 257 1508; x_wconf 87' lang='lat' dir='ltr'>quo</span> <span class='ocrx_word' id='word_1_122' title='bbox 265 1445 362 1494; x_wconf 76' lang='lat' dir='ltr'>snsdms</span> <span class='ocrx_word' id='word_1_123' title='bbox 373 1445 462 1510; x_wconf 80' lang='lat' dir='ltr'>optima</span> <span class='ocrx_word' id='word_1_124' title='bbox 469 1447 545 1494; x_wconf 76' lang='lat' dir='ltr'>licait.</span> <span class='ocrx_word' id='word_1_125' title='bbox 563 1449 644 1494; x_wconf 83' lang='lat' dir='ltr'>Monet</span> <span class='ocrx_word' id='word_1_126' title='bbox 655 1462 696 1494; x_wconf 86' lang='lat' dir='ltr'>eos</span> <span class='ocrx_word' id='word_1_127' title='bbox 706 1447 815 1508; x_wconf 84' lang='lat' dir='ltr'>deniqne,</span> <span class='ocrx_word' id='word_1_128' title='bbox 825 1452 854 1494; x_wconf 90' lang='lat' dir='ltr'>ut</span> <span class='ocrx_word' id='word_1_129' title='bbox 863 1446 892 1492; x_wconf 81' lang='lat' dir='ltr'>sd</span> <span class='ocrx_word' id='word_1_130' title='bbox 903 1446 1017 1505; x_wconf 58' lang='lat' dir='ltr'>rodomus</span> <span class='ocrx_word' id='word_1_131' title='bbox 1027 1441 1196 1490; x_wconf 70' lang='lat' dir='ltr'>summationem</span> <span class='ocrx_word' id='word_1_132' title='bbox 1204 1439 1313 1487; x_wconf 82' lang='lat' dir='ltr'>exciten-</span> 
     </span>
    </p>
   </div>
   <div class='ocr_carea' id='block_1_5' title="bbox 209 1521 1424 1590">
    <p class='ocr_par' dir='ltr' id='par_1_5' title="bbox 209 1521 1424 1590">
     <span class='ocr_line' id='line_1_14' title="bbox 209 1521 1424 1590; baseline -0.003 -17"><span class='ocrx_word' id='word_1_133' title='bbox 209 1531 256 1582; x_wconf 87' lang='lat' dir='ltr'>tur,</span> <span class='ocrx_word' id='word_1_134' title='bbox 266 1531 291 1572; x_wconf 87' lang='lat' dir='ltr'>et</span> <span class='ocrx_word' id='word_1_135' title='bbox 301 1525 348 1589; x_wconf 86' lang='lat' dir='ltr'>ipsi</span> <span class='ocrx_word' id='word_1_136' title='bbox 359 1524 425 1572; x_wconf 83' lang='lat' dir='ltr'>eires</span> <span class='ocrx_word' id='word_1_137' title='bbox 437 1525 551 1586; x_wconf 87' lang='lat' dir='ltr'>militent;</span> <span class='ocrx_word' id='word_1_138' title='bbox 568 1525 715 1590; x_wconf 69' lang='lat' dir='ltr'>graviterque</span> <span class='ocrx_word' id='word_1_139' title='bbox 731 1529 839 1589; x_wconf 69' lang='lat' dir='ltr'>objurgat</span> <span class='ocrx_word' id='word_1_140' title='bbox 857 1532 882 1574; x_wconf 84' lang='lat' dir='ltr'>et</span> <span class='ocrx_word' id='word_1_141' title='bbox 904 1525 1027 1590; x_wconf 79' lang='lat' dir='ltr'>populum,</span> <span class='ocrx_word' id='word_1_142' title='bbox 1038 1539 1067 1571; x_wconf 86' lang='lat' dir='ltr'>eo</span> <span class='ocrx_word' id='word_1_143' title='bbox 1078 1529 1184 1586; x_wconf 75' lang='lat' dir='ltr'>tenpore</span> <span class='ocrx_word' id='word_1_144' title='bbox 1199 1521 1312 1570; x_wconf 79' lang='lat' dir='ltr'>remolle-</span> <span class='ocrx_word' id='word_1_145' title='bbox 1419 1554 1424 1562; x_wconf 85' lang='lat'><em>-</em></span> 
     </span>
    </p>
   </div>
   <div class='ocr_carea' id='block_1_6' title="bbox 211 1599 1247 1666">
    <p class='ocr_par' dir='ltr' id='par_1_6' title="bbox 211 1599 1247 1666">
     <span class='ocr_line' id='line_1_15' title="bbox 211 1599 1247 1666; baseline -0.004 -15"><span class='ocrx_word' id='word_1_146' title='bbox 211 1609 314 1652; x_wconf 75' lang='grc' dir='ltr'>ιοιιιιοιιι</span> <span class='ocrx_word' id='word_1_147' title='bbox 324 1607 396 1666; x_wconf 81' lang='lat' dir='ltr'>atque</span> <span class='ocrx_word' id='word_1_148' title='bbox 406 1603 571 1660; x_wconf 79' lang='lat' dir='ltr'>effeminatum,</span> <span class='ocrx_word' id='word_1_149' title='bbox 578 1610 603 1652; x_wconf 71' lang='lat' dir='ltr'>ct</span> <span class='ocrx_word' id='word_1_150' title='bbox 610 1602 770 1666; x_wconf 64' lang='lat' dir='ltr'>moriebatur,</span> <span class='ocrx_word' id='word_1_151' title='bbox 780 1604 857 1666; x_wconf 85' lang='lat' dir='ltr'>utqui</span> <span class='ocrx_word' id='word_1_152' title='bbox 868 1619 914 1659; x_wconf 83' lang='lat' dir='ltr'>non</span> <span class='ocrx_word' id='word_1_153' title='bbox 924 1611 989 1651; x_wconf 85' lang='lat' dir='ltr'>recte</span> <span class='ocrx_word' id='word_1_154' title='bbox 997 1602 1093 1666; x_wconf 74' lang='lat' dir='ltr'>praesint</span> <span class='ocrx_word' id='word_1_155' title='bbox 1099 1599 1247 1665; x_wconf 72' lang='lat' dir='ltr'>reipublioe.</span> 
     </span>
    </p>
   </div>
   <div class='ocr_carea' id='block_1_7' title="bbox 455 1933 1069 2222">
    <p class='ocr_par' dir='ltr' id='par_1_7' title="bbox 455 1933 1069 2222">
     <span class='ocr_line' id='line_1_16' title="bbox 537 1933 982 2020; baseline -0.004 -2"><span class='ocrx_word' id='word_1_156' title='bbox 537 1933 982 2020; x_wconf 86' lang='lat' dir='ltr'>DEMOSTHENIS</span> 
     </span>
     <span class='ocr_line' id='line_1_17' title="bbox 455 2121 1069 2222; baseline -0.003 -24"><span class='ocrx_word' id='word_1_157' title='bbox 455 2121 852 2199; x_wconf 85' lang='lat' dir='ltr'><strong>OLYNTHIACA</strong></span> <span class='ocrx_word' id='word_1_158' title='bbox 888 2123 948 2199; x_wconf 93' lang='lat' dir='ltr'>Ill</span> <span class='ocrx_word' id='word_1_159' title='bbox 985 2122 1069 2222; x_wconf 83' lang='lat' dir='ltr'>(ll).</span> 
     </span>
    </p>
   </div>
   <div class='ocr_carea' id='block_1_8' title="bbox 206 2308 1315 3207">
    <p class='ocr_par' dir='ltr' id='par_1_8' title="bbox 206 2308 1315 3207">
     <span class='ocr_line' id='line_1_18' title="bbox 253 2308 1309 2392; baseline 0.001 -24"><span class='ocrx_word' id='word_1_160' title='bbox 253 2312 280 2370; x_wconf 91' lang='lat' dir='ltr'>l.</span> <span class='ocrx_word' id='word_1_161' title='bbox 303 2309 373 2370; x_wconf 80' lang='lat' dir='ltr'>Nou</span> <span class='ocrx_word' id='word_1_162' title='bbox 388 2309 466 2370; x_wconf 89' lang='lat' dir='ltr'>idem</span> <span class='ocrx_word' id='word_1_163' title='bbox 481 2319 609 2374; x_wconf 79' lang='lat' dir='ltr'>statuere</span> <span class='ocrx_word' id='word_1_164' title='bbox 619 2331 751 2392; x_wconf 83' lang='lat' dir='ltr'>possum,</span> <span class='ocrx_word' id='word_1_165' title='bbox 766 2313 972 2387; x_wconf 80' lang='lat' dir='ltr'>Athenienses,</span> <span class='ocrx_word' id='word_1_166' title='bbox 986 2329 1056 2372; x_wconf 89' lang='lat' dir='ltr'>cum</span> <span class='ocrx_word' id='word_1_167' title='bbox 1079 2309 1110 2368; x_wconf 88' lang='lat' dir='ltr'>in</span> <span class='ocrx_word' id='word_1_168' title='bbox 1125 2327 1175 2370; x_wconf 87' lang='lat' dir='ltr'>res</span> <span class='ocrx_word' id='word_1_169' title='bbox 1192 2308 1309 2370; x_wconf 90' lang='lat' dir='ltr'>intueor</span> 
     </span>
     <span class='ocr_line' id='line_1_19' title="bbox 209 2401 1314 2484; baseline 0 -22"><span class='ocrx_word' id='word_1_170' title='bbox 209 2402 282 2463; x_wconf 88' lang='lat' dir='ltr'>etin</span> <span class='ocrx_word' id='word_1_171' title='bbox 303 2403 448 2464; x_wconf 83' lang='lat' dir='ltr'>orationes</span> <span class='ocrx_word' id='word_1_172' title='bbox 469 2422 542 2484; x_wconf 88' lang='lat' dir='ltr'>quas</span> <span class='ocrx_word' id='word_1_173' title='bbox 562 2403 670 2466; x_wconf 83' lang='lat' dir='ltr'>audio:</span> <span class='ocrx_word' id='word_1_174' title='bbox 692 2405 926 2465; x_wconf 75' lang='lat' dir='ltr'>numerationes</span> <span class='ocrx_word' id='word_1_175' title='bbox 948 2404 1066 2483; x_wconf 88' lang='lat' dir='ltr'>quidem</span> <span class='ocrx_word' id='word_1_176' title='bbox 1085 2402 1123 2462; x_wconf 89' lang='lat' dir='ltr'>de</span> <span class='ocrx_word' id='word_1_177' title='bbox 1140 2401 1314 2464; x_wconf 87' lang='lat' dir='ltr'>ulciscendo</span> 
     </span>
     <span class='ocr_line' id='line_1_20' title="bbox 209 2493 1313 2576; baseline 0.002 -22"><span class='ocrx_word' id='word_1_178' title='bbox 209 2493 343 2575; x_wconf 89' lang='lat' dir='ltr'>Philippo</span> <span class='ocrx_word' id='word_1_179' title='bbox 366 2495 476 2568; x_wconf 87' lang='lat' dir='ltr'>haberi,</span> <span class='ocrx_word' id='word_1_180' title='bbox 499 2518 544 2559; x_wconf 91' lang='lat' dir='ltr'>res</span> <span class='ocrx_word' id='word_1_181' title='bbox 565 2508 663 2556; x_wconf 85' lang='lat' dir='ltr'>autem</span> <span class='ocrx_word' id='word_1_182' title='bbox 685 2516 721 2557; x_wconf 88' lang='lat' dir='ltr'>eo</span> <span class='ocrx_word' id='word_1_183' title='bbox 739 2517 910 2576; x_wconf 82' lang='lat' dir='ltr'>progressas</span> <span class='ocrx_word' id='word_1_184' title='bbox 923 2496 1020 2572; x_wconf 88' lang='lat' dir='ltr'>video,</span> <span class='ocrx_word' id='word_1_185' title='bbox 1033 2508 1067 2557; x_wconf 91' lang='lat' dir='ltr'>ut</span> <span class='ocrx_word' id='word_1_186' title='bbox 1093 2516 1129 2557; x_wconf 89' lang='lat' dir='ltr'>ne</span> <span class='ocrx_word' id='word_1_187' title='bbox 1150 2494 1206 2575; x_wconf 88' lang='lat' dir='ltr'>ipsi</span> <span class='ocrx_word' id='word_1_188' title='bbox 1228 2494 1313 2575; x_wconf 88' lang='lat' dir='ltr'>prius</span> 
     </span>
     <span class='ocr_line' id='line_1_21' title="bbox 206 2588 1313 2670; baseline -0.001 -22"><span class='ocrx_word' id='word_1_189' title='bbox 206 2588 396 2649; x_wconf 85' lang='lat' dir='ltr'>infortunium</span> <span class='ocrx_word' id='word_1_190' title='bbox 410 2590 537 2649; x_wconf 81' lang='lat' dir='ltr'>feramus</span> <span class='ocrx_word' id='word_1_191' title='bbox 552 2592 590 2649; x_wconf 87' lang='lat' dir='ltr'>sit</span> <span class='ocrx_word' id='word_1_192' title='bbox 604 2589 825 2670; x_wconf 80' lang='lat' dir='ltr'>providendum.</span> <span class='ocrx_word' id='word_1_193' title='bbox 868 2592 1066 2656; x_wconf 77' lang='lat' dir='ltr'><strong>Quamobrem</strong></span> <span class='ocrx_word' id='word_1_194' title='bbox 1076 2590 1148 2649; x_wconf 85' lang='lat' dir='ltr'><strong>nihil</strong></span> <span class='ocrx_word' id='word_1_195' title='bbox 1159 2588 1239 2648; x_wconf 88' lang='lat' dir='ltr'>aliud</span> <span class='ocrx_word' id='word_1_196' title='bbox 1253 2589 1313 2647; x_wconf 92' lang='lat' dir='ltr'>nisi</span> 
     </span>
     <span class='ocr_line' id='line_1_22' title="bbox 208 2681 1314 2761; baseline -0.001 -19"><span class='ocrx_word' id='word_1_197' title='bbox 208 2700 302 2742; x_wconf 84' lang='lat' dir='ltr'>errare</span> <span class='ocrx_word' id='word_1_198' title='bbox 319 2681 388 2739; x_wconf 85' lang='lat' dir='ltr'>mihi</span> <span class='ocrx_word' id='word_1_199' title='bbox 404 2682 538 2747; x_wconf 82' lang='lat' dir='ltr'>videntur</span> <span class='ocrx_word' id='word_1_200' title='bbox 557 2682 587 2755; x_wconf 90' lang='lat' dir='ltr'>ii,</span> <span class='ocrx_word' id='word_1_201' title='bbox 605 2683 656 2761; x_wconf 92' lang='lat' dir='ltr'>qui</span> <span class='ocrx_word' id='word_1_202' title='bbox 674 2682 731 2742; x_wconf 83' lang='lat' dir='ltr'>ista</span> <span class='ocrx_word' id='word_1_203' title='bbox 749 2681 863 2753; x_wconf 88' lang='lat' dir='ltr'>dieunt,</span> <span class='ocrx_word' id='word_1_204' title='bbox 879 2703 947 2743; x_wconf 87' lang='lat' dir='ltr'>cum</span> <span class='ocrx_word' id='word_1_205' title='bbox 961 2690 1165 2761; x_wconf 78' lang='lat' dir='ltr'>argumentum</span> <span class='ocrx_word' id='word_1_206' title='bbox 1183 2684 1314 2741; x_wconf 77' lang='lat' dir='ltr'>tractent</span> 
     </span>
     <span class='ocr_line' id='line_1_23' title="bbox 208 2771 1314 2853; baseline 0.003 -22"><span class='ocrx_word' id='word_1_207' title='bbox 208 2790 327 2853; x_wconf 89' lang='lat' dir='ltr'>prorsus</span> <span class='ocrx_word' id='word_1_208' title='bbox 340 2775 376 2833; x_wconf 87' lang='lat' dir='ltr'>ab</span> <span class='ocrx_word' id='word_1_209' title='bbox 394 2772 450 2833; x_wconf 83' lang='lat' dir='ltr'>hac</span> <span class='ocrx_word' id='word_1_210' title='bbox 464 2783 560 2833; x_wconf 87' lang='lat' dir='ltr'>vestra</span> <span class='ocrx_word' id='word_1_211' title='bbox 579 2773 789 2833; x_wconf 77' lang='lat' dir='ltr'>deliberatione</span> <span class='ocrx_word' id='word_1_212' title='bbox 807 2772 945 2833; x_wconf 89' lang='lat' dir='ltr'>alienum.</span> <span class='ocrx_word' id='word_1_213' title='bbox 986 2774 1051 2852; x_wconf 82' lang='lat' dir='ltr'>Ego</span> <span class='ocrx_word' id='word_1_214' title='bbox 1064 2791 1134 2833; x_wconf 83' lang='lat' dir='ltr'>vero</span> <span class='ocrx_word' id='word_1_215' title='bbox 1151 2771 1314 2852; x_wconf 85' lang='lat' dir='ltr'>aliqnando</span> 
     </span>
     <span class='ocr_line' id='line_1_24' title="bbox 208 2864 1310 2948; baseline 0.002 -23"><span class='ocrx_word' id='word_1_216' title='bbox 208 2864 328 2926; x_wconf 76' lang='lat' dir='ltr'>licuisse</span> <span class='ocrx_word' id='word_1_217' title='bbox 347 2864 455 2926; x_wconf 86' lang='lat' dir='ltr'>civitati</span> <span class='ocrx_word' id='word_1_218' title='bbox 474 2876 504 2925; x_wconf 90' lang='lat' dir='ltr'>et</span> <span class='ocrx_word' id='word_1_219' title='bbox 530 2886 584 2927; x_wconf 85' lang='lat' dir='ltr'>sua</span> <span class='ocrx_word' id='word_1_220' title='bbox 605 2877 703 2927; x_wconf 85' lang='lat' dir='ltr'>tenere</span> <span class='ocrx_word' id='word_1_221' title='bbox 720 2878 785 2927; x_wconf 91' lang='lat' dir='ltr'>tuto</span> <span class='ocrx_word' id='word_1_222' title='bbox 806 2876 837 2926; x_wconf 89' lang='lat' dir='ltr'>et</span> <span class='ocrx_word' id='word_1_223' title='bbox 853 2866 1020 2948; x_wconf 84' lang='lat' dir='ltr'>Philippum</span> <span class='ocrx_word' id='word_1_224' title='bbox 1040 2865 1151 2940; x_wconf 86' lang='lat' dir='ltr'>ulcisci,</span> <span class='ocrx_word' id='word_1_225' title='bbox 1166 2866 1310 2947; x_wconf 82' lang='lat' dir='ltr'>praeclare</span> 
     </span>
     <span class='ocr_line' id='line_1_25' title="bbox 209 2957 1315 3039; baseline -0.001 -18"><span class='ocrx_word' id='word_1_226' title='bbox 209 2960 295 3030; x_wconf 82' lang='lat' dir='ltr'>novi;</span> <span class='ocrx_word' id='word_1_227' title='bbox 319 2978 384 3018; x_wconf 84' lang='lat' dir='ltr'>mea</span> <span class='ocrx_word' id='word_1_228' title='bbox 396 2960 473 3018; x_wconf 88' lang='lat' dir='ltr'>euim</span> <span class='ocrx_word' id='word_1_229' title='bbox 489 2968 587 3031; x_wconf 70' lang='lat' dir='ltr'>astate,</span> <span class='ocrx_word' id='word_1_230' title='bbox 606 2979 665 3019; x_wconf 91' lang='lat' dir='ltr'>uon</span> <span class='ocrx_word' id='word_1_231' title='bbox 684 2957 754 3019; x_wconf 89' lang='lat' dir='ltr'>olim</span> <span class='ocrx_word' id='word_1_232' title='bbox 767 2959 955 3039; x_wconf 82' lang='lat' dir='ltr'>contigerunt</span> <span class='ocrx_word' id='word_1_233' title='bbox 978 2960 1044 3019; x_wconf 82' lang='lat' dir='ltr'>boec</span> <span class='ocrx_word' id='word_1_234' title='bbox 1067 2969 1206 3038; x_wconf 86' lang='lat' dir='ltr'>utreque:</span> <span class='ocrx_word' id='word_1_235' title='bbox 1231 2978 1315 3021; x_wconf 88' lang='lat' dir='ltr'>nunc</span> 
     </span>
     <span class='ocr_line' id='line_1_26' title="bbox 209 3051 1313 3131; baseline -0.002 -17"><span class='ocrx_word' id='word_1_236' title='bbox 209 3062 307 3113; x_wconf 80' lang='lat' dir='ltr'>eutem</span> <span class='ocrx_word' id='word_1_237' title='bbox 319 3053 362 3113; x_wconf 88' lang='lat' dir='ltr'>sic</span> <span class='ocrx_word' id='word_1_238' title='bbox 377 3052 509 3125; x_wconf 75' lang='lat' dir='ltr'>arbitror,</span> <span class='ocrx_word' id='word_1_239' title='bbox 523 3052 595 3111; x_wconf 89' lang='lat' dir='ltr'>satis</span> <span class='ocrx_word' id='word_1_240' title='bbox 613 3070 678 3111; x_wconf 84' lang='lat' dir='ltr'>esse</span> <span class='ocrx_word' id='word_1_241' title='bbox 692 3052 787 3125; x_wconf 88' lang='lat' dir='ltr'>nobis,</span> <span class='ocrx_word' id='word_1_242' title='bbox 801 3053 828 3111; x_wconf 91' lang='lat' dir='ltr'>si</span> <span class='ocrx_word' id='word_1_243' title='bbox 847 3052 903 3112; x_wconf 90' lang='lat' dir='ltr'>hoc</span> <span class='ocrx_word' id='word_1_244' title='bbox 915 3051 1038 3131; x_wconf 90' lang='lat' dir='ltr'>primum</span> <span class='ocrx_word' id='word_1_245' title='bbox 1059 3051 1313 3123; x_wconf 84' lang='lat' dir='ltr'>anteverterimus,</span> 
     </span>
     <span class='ocr_line' id='line_1_27' title="bbox 209 3144 1315 3207; baseline 0.002 -3"><span class='ocrx_word' id='word_1_246' title='bbox 209 3149 247 3205; x_wconf 88' lang='lat' dir='ltr'>ut&#39;</span> <span class='ocrx_word' id='word_1_247' title='bbox 257 3147 352 3206; x_wconf 89' lang='lat' dir='ltr'>socios</span> <span class='ocrx_word' id='word_1_248' title='bbox 366 3164 582 3205; x_wconf 79' lang='lat' dir='ltr'>conservemus.</span> <span class='ocrx_word' id='word_1_249' title='bbox 623 3144 737 3204; x_wconf 90' lang='lat' dir='ltr'>Horum</span> <span class='ocrx_word' id='word_1_250' title='bbox 756 3145 835 3205; x_wconf 87' lang='lat' dir='ltr'>enim</span> <span class='ocrx_word' id='word_1_251' title='bbox 848 3144 928 3205; x_wconf 84' lang='lat' dir='ltr'>salus</span> <span class='ocrx_word' id='word_1_252' title='bbox 941 3146 967 3205; x_wconf 85' lang='lat' dir='ltr'>si</span> <span class='ocrx_word' id='word_1_253' title='bbox 980 3146 1088 3205; x_wconf 86' lang='lat' dir='ltr'>intuto</span> <span class='ocrx_word' id='word_1_254' title='bbox 1101 3144 1247 3207; x_wconf 86' lang='lat' dir='ltr'>collocata</span> <span class='ocrx_word' id='word_1_255' title='bbox 1265 3145 1315 3206; x_wconf 82' lang='lat' dir='ltr'>fu·</span> 
     </span>
    </p>
   </div>
   <div class='ocr_carea' id='block_1_9' title="bbox 115 3236 1314 3317">
    <p class='ocr_par' dir='ltr' id='par_1_9' title="bbox 115 3236 1314 3317">
     <span class='ocr_line' id='line_1_28' title="bbox 115 3236 1314 3317; baseline 0 -20"><span class='ocrx_word' id='word_1_256' title='bbox 115 3310 123 3317; x_wconf 36' lang='lat'><strong>·</strong></span> <span class='ocrx_word' id='word_1_257' title='bbox 209 3236 274 3309; x_wconf 88' lang='lat' dir='ltr'>erit,</span> <span class='ocrx_word' id='word_1_258' title='bbox 288 3246 349 3297; x_wconf 89' lang='lat' dir='ltr'>tum</span> <span class='ocrx_word' id='word_1_259' title='bbox 360 3247 392 3298; x_wconf 88' lang='lat' dir='ltr'>et</span> <span class='ocrx_word' id='word_1_260' title='bbox 404 3256 463 3317; x_wconf 89' lang='lat' dir='ltr'>qua</span> <span class='ocrx_word' id='word_1_261' title='bbox 476 3238 588 3297; x_wconf 86' lang='lat' dir='ltr'>ratione</span> <span class='ocrx_word' id='word_1_262' title='bbox 598 3236 677 3295; x_wconf 92' lang='lat' dir='ltr'>illum</span> <span class='ocrx_word' id='word_1_263' title='bbox 689 3236 790 3298; x_wconf 86' lang='lat' dir='ltr'>ulcisci</span> <span class='ocrx_word' id='word_1_264' title='bbox 805 3237 932 3317; x_wconf 88' lang='lat' dir='ltr'>possitis,</span> <span class='ocrx_word' id='word_1_265' title='bbox 946 3237 1091 3317; x_wconf 86' lang='lat' dir='ltr'>dispicere</span> <span class='ocrx_word' id='word_1_266' title='bbox 1101 3236 1214 3297; x_wconf 78' lang='lat' dir='ltr'>licebit.</span> <span class='ocrx_word' id='word_1_267' title='bbox 1229 3246 1314 3298; x_wconf 81' lang='lat' dir='ltr'>arite-</span> 
     </span>
    </p>
   </div>
   <div class='ocr_carea' id='block_1_10' title="bbox 207 3329 1316 4452">
    <p class='ocr_par' dir='ltr' id='par_1_10' title="bbox 208 3329 1315 3483">
     <span class='ocr_line' id='line_1_29' title="bbox 208 3329 1315 3442; baseline 0.004 -54"><span class='ocrx_word' id='word_1_268' title='bbox 208 3348 300 3409; x_wconf 86' lang='lat' dir='ltr'>quam</span> <span class='ocrx_word' id='word_1_269' title='bbox 322 3340 419 3389; x_wconf 84' lang='lat' dir='ltr'>autem</span> <span class='ocrx_word' id='word_1_270' title='bbox 442 3329 617 3411; x_wconf 87' lang='lat' dir='ltr'>principium</span> <span class='ocrx_word' id='word_1_271' title='bbox 640 3336 718 3391; x_wconf 88' lang='lat' dir='ltr'>recte</span> <span class='ocrx_word' id='word_1_272' title='bbox 744 3329 951 3404; x_wconf 85' lang='lat' dir='ltr'>constituatur,</span> <span class='ocrx_word' id='word_1_273' title='bbox 974 3348 1224 3442; x_wconf 84' lang='lat' dir='ltr'>supervacaneum</span> <span class='ocrx_word' id='word_1_274' title='bbox 1248 3330 1315 3392; x_wconf 85' lang='lat' dir='ltr'>esse</span> 
     </span>
     <span class='ocr_line' id='line_1_30' title="bbox 211 3420 819 3483; baseline 0.003 -2"><span class='ocrx_word' id='word_1_275' title='bbox 211 3420 289 3483; x_wconf 90' lang='lat' dir='ltr'>duco</span> <span class='ocrx_word' id='word_1_276' title='bbox 303 3420 340 3481; x_wconf 91' lang='lat' dir='ltr'>de</span> <span class='ocrx_word' id='word_1_277' title='bbox 355 3422 413 3481; x_wconf 85' lang='lat' dir='ltr'>fine</span> <span class='ocrx_word' id='word_1_278' title='bbox 426 3420 518 3480; x_wconf 90' lang='lat' dir='ltr'>ullum</span> <span class='ocrx_word' id='word_1_279' title='bbox 534 3422 629 3481; x_wconf 84' lang='lat' dir='ltr'>fecere</span> <span class='ocrx_word' id='word_1_280' title='bbox 645 3441 819 3483; x_wconf 88' lang='lat' dir='ltr'>sermonem.</span> 
     </span>
    </p>

    <p class='ocr_par' dir='ltr' id='par_1_11' title="bbox 207 3510 1316 4430">
     <span class='ocr_line' id='line_1_31' title="bbox 251 3510 1314 3595; baseline 0.004 -24"><span class='ocrx_word' id='word_1_281' title='bbox 251 3516 282 3573; x_wconf 81' lang='lat'>2.</span> <span class='ocrx_word' id='word_1_282' title='bbox 302 3514 347 3572; x_wconf 88' lang='lat' dir='ltr'>Ao</span> <span class='ocrx_word' id='word_1_283' title='bbox 361 3524 493 3591; x_wconf 78' lang='lat' dir='ltr'>tempore</span> <span class='ocrx_word' id='word_1_284' title='bbox 506 3514 642 3592; x_wconf 89' lang='lat' dir='ltr'>quidem</span> <span class='ocrx_word' id='word_1_285' title='bbox 644 3510 719 3587; x_wconf 88' lang='lat' dir='ltr'>haec,</span> <span class='ocrx_word' id='word_1_286' title='bbox 739 3515 989 3586; x_wconf 89' lang='lat' dir='ltr'>Athenienses,</span> <span class='ocrx_word' id='word_1_287' title='bbox 965 3535 990 3575; x_wconf 86' lang='lat' dir='ltr'>sr</span> <span class='ocrx_word' id='word_1_288' title='bbox 1004 3533 1144 3595; x_wconf 71' lang='lat' dir='ltr'>unquam,</span> <span class='ocrx_word' id='word_1_289' title='bbox 1154 3515 1290 3595; x_wconf 89' lang='lat' dir='ltr'>[nunc]</span> <span class='ocrx_word' id='word_1_290' title='bbox 1283 3536 1314 3575; x_wconf 90' lang='grc' dir='ltr'>ιιι</span> 
     </span>
     <span class='ocr_line' id='line_1_32' title="bbox 207 3603 1315 3691; baseline 0 -24"><span class='ocrx_word' id='word_1_291' title='bbox 207 3603 308 3688; x_wconf 89' lang='lat' dir='ltr'>primis</span> <span class='ocrx_word' id='word_1_292' title='bbox 321 3624 459 3683; x_wconf 77' lang='lat' dir='ltr'>magnam</span> <span class='ocrx_word' id='word_1_293' title='bbox 480 3604 693 3666; x_wconf 88' lang='lat' dir='ltr'>solicitudinem</span> <span class='ocrx_word' id='word_1_294' title='bbox 707 3617 738 3667; x_wconf 88' lang='lat' dir='ltr'>et</span> <span class='ocrx_word' id='word_1_295' title='bbox 751 3606 937 3689; x_wconf 86' lang='lat' dir='ltr'>prudentiam</span> <span class='ocrx_word' id='word_1_296' title='bbox 951 3608 1112 3685; x_wconf 84' lang='lat' dir='ltr'>requirunt.</span> <span class='ocrx_word' id='word_1_297' title='bbox 1154 3607 1219 3691; x_wconf 83' lang='lat' dir='ltr'>Ego</span> <span class='ocrx_word' id='word_1_298' title='bbox 1233 3626 1315 3680; x_wconf 83' lang='lat' dir='ltr'>vero,</span> 
     </span>
     <span class='ocr_line' id='line_1_33' title="bbox 208 3695 1316 3779; baseline 0 -20"><span class='ocrx_word' id='word_1_299' title='bbox 208 3718 268 3759; x_wconf 90' lang='lat' dir='ltr'>non</span> <span class='ocrx_word' id='word_1_300' title='bbox 280 3697 349 3779; x_wconf 91' lang='lat' dir='ltr'>quid</span> <span class='ocrx_word' id='word_1_301' title='bbox 362 3698 392 3757; x_wconf 89' lang='lat' dir='ltr'>in</span> <span class='ocrx_word' id='word_1_302' title='bbox 406 3695 486 3756; x_wconf 84' lang='lat' dir='ltr'>hisce</span> <span class='ocrx_word' id='word_1_303' title='bbox 499 3700 586 3757; x_wconf 87' lang='lat' dir='ltr'>rebus</span> <span class='ocrx_word' id='word_1_304' title='bbox 605 3698 787 3761; x_wconf 87' lang='lat' dir='ltr'>suadendum</span> <span class='ocrx_word' id='word_1_305' title='bbox 799 3698 847 3772; x_wconf 89' lang='lat' dir='ltr'>sit,</span> <span class='ocrx_word' id='word_1_306' title='bbox 862 3698 1064 3761; x_wconf 86' lang='lat' dir='ltr'>difficillimum</span> <span class='ocrx_word' id='word_1_307' title='bbox 1078 3719 1144 3761; x_wconf 89' lang='lat' dir='ltr'>esse</span> <span class='ocrx_word' id='word_1_308' title='bbox 1157 3698 1244 3772; x_wconf 89' lang='lat' dir='ltr'>duco,</span> <span class='ocrx_word' id='word_1_309' title='bbox 1259 3700 1316 3759; x_wconf 91' lang='lat' dir='ltr'>sed</span> 
     </span>
     <span class='ocr_line' id='line_1_34' title="bbox 208 3789 1316 3870; baseline 0.002 -19"><span class='ocrx_word' id='word_1_310' title='bbox 208 3791 284 3851; x_wconf 91' lang='lat' dir='ltr'>illud</span> <span class='ocrx_word' id='word_1_311' title='bbox 296 3790 411 3869; x_wconf 90' lang='lat' dir='ltr'>dubito,</span> <span class='ocrx_word' id='word_1_312' title='bbox 425 3807 484 3867; x_wconf 91' lang='lat' dir='ltr'>quo</span> <span class='ocrx_word' id='word_1_313' title='bbox 498 3789 536 3849; x_wconf 86' lang='lat' dir='ltr'>sit</span> <span class='ocrx_word' id='word_1_314' title='bbox 549 3798 649 3868; x_wconf 83' lang='lat' dir='ltr'>pacto,</span> <span class='ocrx_word' id='word_1_315' title='bbox 661 3791 868 3865; x_wconf 89' lang='lat' dir='ltr'>Athenienses,</span> <span class='ocrx_word' id='word_1_316' title='bbox 883 3790 962 3870; x_wconf 84' lang='lat' dir='ltr'>apud</span> <span class='ocrx_word' id='word_1_317' title='bbox 972 3811 1025 3852; x_wconf 87' lang='lat' dir='ltr'>vos</span> <span class='ocrx_word' id='word_1_318' title='bbox 1038 3791 1076 3852; x_wconf 90' lang='lat' dir='ltr'>de</span> <span class='ocrx_word' id='word_1_319' title='bbox 1088 3792 1130 3852; x_wconf 88' lang='lat' dir='ltr'>eis</span> <span class='ocrx_word' id='word_1_320' title='bbox 1144 3790 1316 3853; x_wconf 89' lang='lat' dir='ltr'>dicendum.</span> 
     </span>
     <span class='ocr_line' id='line_1_35' title="bbox 211 3881 1315 3963; baseline 0 -19"><span class='ocrx_word' id='word_1_321' title='bbox 211 3883 387 3947; x_wconf 80' lang='lat' dir='ltr'>Persuasum</span> <span class='ocrx_word' id='word_1_322' title='bbox 401 3884 480 3943; x_wconf 87' lang='lat' dir='ltr'>enim</span> <span class='ocrx_word' id='word_1_323' title='bbox 492 3881 593 3941; x_wconf 84' lang='lat' dir='ltr'>habeo</span> <span class='ocrx_word' id='word_1_324' title='bbox 603 3902 640 3942; x_wconf 86' lang='lat' dir='ltr'>ex</span> <span class='ocrx_word' id='word_1_325' title='bbox 652 3882 686 3943; x_wconf 84' lang='lat' dir='ltr'>iis</span> <span class='ocrx_word' id='word_1_326' title='bbox 701 3903 768 3963; x_wconf 76' lang='lat' dir='ltr'>quse</span> <span class='ocrx_word' id='word_1_327' title='bbox 783 3904 883 3944; x_wconf 89' lang='lat' dir='ltr'>coram</span> <span class='ocrx_word' id='word_1_328' title='bbox 899 3884 995 3961; x_wconf 84' lang='lat' dir='ltr'>audiri</span> <span class='ocrx_word' id='word_1_329' title='bbox 1009 3896 1040 3945; x_wconf 91' lang='lat' dir='ltr'>et</span> <span class='ocrx_word' id='word_1_330' title='bbox 1051 3884 1194 3957; x_wconf 84' lang='lat' dir='ltr'>intellexi,</span> <span class='ocrx_word' id='word_1_331' title='bbox 1217 3882 1315 3963; x_wconf 85' lang='lat' dir='ltr'>plera·</span> 
     </span>
     <span class='ocr_line' id='line_1_36' title="bbox 209 3974 1315 4059; baseline 0.001 -21"><span class='ocrx_word' id='word_1_332' title='bbox 209 3997 268 4057; x_wconf 91' lang='lat' dir='ltr'>que</span> <span class='ocrx_word' id='word_1_333' title='bbox 281 3978 363 4038; x_wconf 86' lang='lat' dir='ltr'>vobis</span> <span class='ocrx_word' id='word_1_334' title='bbox 377 3974 526 4037; x_wconf 85' lang='lat' dir='ltr'>effluxisse</span> <span class='ocrx_word' id='word_1_335' title='bbox 539 3976 667 4055; x_wconf 85' lang='lat' dir='ltr'>negotia,</span> <span class='ocrx_word' id='word_1_336' title='bbox 682 3995 717 4036; x_wconf 89' lang='lat' dir='ltr'>eo</span> <span class='ocrx_word' id='word_1_337' title='bbox 730 3976 809 4056; x_wconf 93' lang='lat' dir='ltr'>quod</span> <span class='ocrx_word' id='word_1_338' title='bbox 822 3979 921 4040; x_wconf 87' lang='lat' dir='ltr'>nolitis</span> <span class='ocrx_word' id='word_1_339' title='bbox 937 3980 1035 4040; x_wconf 88' lang='lat' dir='ltr'>officio</span> <span class='ocrx_word' id='word_1_340' title='bbox 1048 3978 1144 4059; x_wconf 82' lang='lat' dir='ltr'>fungi,</span> <span class='ocrx_word' id='word_1_341' title='bbox 1159 3997 1220 4039; x_wconf 89' lang='lat' dir='ltr'>non</span> <span class='ocrx_word' id='word_1_342' title='bbox 1232 3976 1315 4057; x_wconf 88' lang='lat' dir='ltr'>quod</span> 
     </span>
     <span class='ocr_line' id='line_1_37' title="bbox 210 4070 1313 4154; baseline 0.004 -25"><span class='ocrx_word' id='word_1_343' title='bbox 210 4070 355 4130; x_wconf 85' lang='lat' dir='ltr'>nesciatis.</span> <span class='ocrx_word' id='word_1_344' title='bbox 391 4070 489 4137; x_wconf 81' lang='lat' dir='ltr'>Quare</span> <span class='ocrx_word' id='word_1_345' title='bbox 500 4080 568 4149; x_wconf 91' lang='lat' dir='ltr'>peto</span> <span class='ocrx_word' id='word_1_346' title='bbox 579 4090 597 4129; x_wconf 89' lang='lat' dir='ltr'>a</span> <span class='ocrx_word' id='word_1_347' title='bbox 610 4070 704 4143; x_wconf 86' lang='lat' dir='ltr'>vobis,</span> <span class='ocrx_word' id='word_1_348' title='bbox 717 4081 752 4131; x_wconf 89' lang='lat' dir='ltr'>ut</span> <span class='ocrx_word' id='word_1_349' title='bbox 764 4092 832 4147; x_wconf 93' lang='lat' dir='ltr'>me,</span> <span class='ocrx_word' id='word_1_350' title='bbox 834 4093 858 4133; x_wconf 75' lang='grc' dir='ltr'>ει</span> <span class='ocrx_word' id='word_1_351' title='bbox 850 4072 960 4154; x_wconf 83' lang='lat' dir='ltr'>paulo</span> <span class='ocrx_word' id='word_1_352' title='bbox 969 4073 1088 4134; x_wconf 90' lang='lat' dir='ltr'>liberius</span> <span class='ocrx_word' id='word_1_353' title='bbox 1101 4074 1191 4135; x_wconf 85' lang='lat' dir='ltr'>verba</span> <span class='ocrx_word' id='word_1_354' title='bbox 1202 4072 1313 4147; x_wconf 87' lang='lat' dir='ltr'>fecero,</span> 
     </span>
     <span class='ocr_line' id='line_1_38' title="bbox 209 4160 1315 4253; baseline 0.002 -32"><span class='ocrx_word' id='word_1_355' title='bbox 209 4160 321 4233; x_wconf 84' lang='lat' dir='ltr'>seratis,</span> <span class='ocrx_word' id='word_1_356' title='bbox 342 4161 416 4221; x_wconf 89' lang='lat' dir='ltr'>etid</span> <span class='ocrx_word' id='word_1_357' title='bbox 430 4163 579 4253; x_wconf 81' lang='lat' dir='ltr'>spectetis,</span> <span class='ocrx_word' id='word_1_358' title='bbox 604 4184 641 4224; x_wconf 86' lang='lat' dir='ltr'>an</span> <span class='ocrx_word' id='word_1_359' title='bbox 655 4184 724 4225; x_wconf 86' lang='lat' dir='ltr'>vera</span> <span class='ocrx_word' id='word_1_360' title='bbox 743 4166 1002 4247; x_wconf 81' lang='lat' dir='ltr'>dicsm,eaquede</span> <span class='ocrx_word' id='word_1_361' title='bbox 1023 4186 1124 4238; x_wconf 84' lang='lat' dir='ltr'>causa,</span> <span class='ocrx_word' id='word_1_362' title='bbox 1147 4176 1182 4226; x_wconf 92' lang='lat' dir='ltr'>ut</span> <span class='ocrx_word' id='word_1_363' title='bbox 1201 4164 1315 4245; x_wconf 84' lang='lat' dir='ltr'>reliqua</span> 
     </span>
     <span class='ocr_line' id='line_1_39' title="bbox 208 4246 1312 4337; baseline 0.002 -24"><span class='ocrx_word' id='word_1_364' title='bbox 208 4252 281 4313; x_wconf 80' lang='lat' dir='ltr'>fiant</span> <span class='ocrx_word' id='word_1_365' title='bbox 291 4252 424 4323; x_wconf 86' lang='lat' dir='ltr'>meliora;</span> <span class='ocrx_word' id='word_1_366' title='bbox 446 4246 550 4315; x_wconf 86' lang='lat' dir='ltr'>videtis</span> <span class='ocrx_word' id='word_1_367' title='bbox 562 4255 638 4315; x_wconf 88' lang='lat' dir='ltr'>euim</span> <span class='ocrx_word' id='word_1_368' title='bbox 648 4275 684 4315; x_wconf 87' lang='lat' dir='ltr'>ex</span> <span class='ocrx_word' id='word_1_369' title='bbox 698 4275 733 4316; x_wconf 94' lang='lat' dir='ltr'>eo</span> <span class='ocrx_word' id='word_1_370' title='bbox 745 4257 825 4337; x_wconf 89' lang='lat' dir='ltr'>quod</span> <span class='ocrx_word' id='word_1_371' title='bbox 838 4259 958 4336; x_wconf 82' lang='lat' dir='ltr'>quidam</span> <span class='ocrx_word' id='word_1_372' title='bbox 968 4258 1006 4317; x_wconf 91' lang='lat' dir='ltr'>ad</span> <span class='ocrx_word' id='word_1_373' title='bbox 1020 4258 1144 4337; x_wconf 84' lang='lat' dir='ltr'>gratiam</span> <span class='ocrx_word' id='word_1_374' title='bbox 1154 4256 1312 4319; x_wconf 88' lang='lat' dir='ltr'>conciones</span> 
     </span>
     <span class='ocr_line' id='line_1_40' title="bbox 209 4344 1314 4452; baseline 0.008 -49"><span class='ocrx_word' id='word_1_375' title='bbox 209 4344 329 4418; x_wconf 87' lang='lat' dir='ltr'>habeut,</span> <span class='ocrx_word' id='word_1_376' title='bbox 343 4364 387 4406; x_wconf 91' lang='lat' dir='ltr'>res</span> <span class='ocrx_word' id='word_1_377' title='bbox 402 4357 517 4407; x_wconf 84' lang='lat' dir='ltr'>nostras</span> <span class='ocrx_word' id='word_1_378' title='bbox 532 4348 562 4407; x_wconf 89' lang='lat' dir='ltr'>in</span> <span class='ocrx_word' id='word_1_379' title='bbox 578 4368 693 4409; x_wconf 89' lang='lat' dir='ltr'>omnem</span> <span class='ocrx_word' id='word_1_380' title='bbox 703 4369 875 4430; x_wconf 83' lang='lat' dir='ltr'>progresses</span> <span class='ocrx_word' id='word_1_381' title='bbox 890 4370 957 4413; x_wconf 87' lang='lat' dir='ltr'>esse</span> <span class='ocrx_word' id='word_1_382' title='bbox 968 4350 1175 4452; x_wconf 80' lang='lat' dir='ltr'>calamitatem.</span> <span class='ocrx_word' id='word_1_383' title='bbox 1200 4350 1314 4413; x_wconf 87' lang='lat' dir='ltr'>Neces-</span> 
     </span>
    </p>
   </div>
   <div class='ocr_carea' id='block_1_11' title="bbox 0 0 1473 5000">
    <p class='ocr_par' dir='ltr' id='par_1_12' title="bbox 0 0 1473 5000">
     <span class='ocr_line' id='line_1_41' title="bbox 0 0 1473 5000; baseline 0 0"><span class='ocrx_word' id='word_1_384' title='bbox 0 0 1473 5000; x_wconf 95' lang='lat' dir='ltr'> </span> 
     </span>
    </p>
   </div>
  </div>
 </body>
</html>
