2934 5000
150 365 152 369 ¹
258 277 303 350 ee
552 290 708 354 ortuo
730 291 789 352 ue
809 290 1043 352 emouere.
1145 279 1149 286 “

257 451 289 502 et
301 453 404 504 notum
417 445 553 507 omnibus
572 449 697 528 priorem
715 447 808 512 inissa
827 449 960 509 mensem
976 440 1045 508 eum
1063 463 1123 527 quo
1137 465 1197 526 pax
1208 426 1289 508 iactu
1303 458 1351 509 est

256 553 345 613 quam
357 555 416 617 quo
430 536 481 598 illa
493 538 603 619 oppida
615 549 704 620 cepte
719 551 801 601 suut.
841 539 934 601 Porro
952 539 994 600 uit
1009 541 1155 618 quotquot
1175 538 1206 598 in
1225 538 1306 601 bello
1330 557 1350 600 e

254 629 357 688 vestris
370 630 481 692 civibus
496 632 589 713 [cepti
600 633 683 710 aint],
695 651 749 692 eos
761 633 894 713 captiuos
911 651 944 693 se
957 631 1041 692 robis
1057 631 1237 701 reddidisse;
1259 650 1351 712 quum

256 717 433 801 Caryatium,
446 735 555 786 nostre
565 725 690 787 ciuitatis
703 725 859 806 hospitem,
871 725 956 805 cujus
975 723 1040 782 viri*
1050 725 1238 804 resposcendi
1258 725 1353 804 gretia

255 831 308 872 ros
327 824 386 875 tres
403 817 564 896 legationes
584 819 712 892 misisu's,
735 830 797 881 un
817 818 1005 880 veliementer
1021 817 1147 877 voluerit
1168 818 1252 878 robis
1276 827 1372 878 cou·'

136 967 139 978 ,
253 904 427 982 donarent
448 912 542 994 ipsum
568 914 752 987 interfecerit,
774 933 831 1013 nec
856 911 1001 974 interiecti
1025 912 1153 974 cadaver
1173 911 1288 974 dederit
1307 912 1349 974 ed

250 999 440 1156 'eplqlitffi
448 1093 485 1157 dc
499 1097 681 1160 Chersoneso
694 1118 730 1160 ea
742 1117 811 1179 ques
823 1100 864 1160 ad
874 1121 928 1164 vos
940 1100 1050 1162 scribat
1060 1095 1240 1178 perpendere
1258 1095 1350 1158 fuerit

255 1201 351 1264 opere
365 1190 508 1267 praetium,
518 1199 548 1250 et
561 1199 667 1271 preter
678 1190 745 1252 hec
756 1191 845 1253 etiam
857 1211 895 1252 es
907 1211 975 1273 quae
985 1194 1048 1272 agit
1059 1207 1248 1268 cognoscere.
1268 1189 1348 1250 Nam
1415 1265 1421 1276 .

252 1276 350 1337 locum
364 1297 480 1341 omnem
494 1283 545 1363 qui
553 1293 636 1343 extra
646 1283 753 1345 Forum
764 1294 821 1356 est,
834 1296 867 1345 ut
881 1305 967 1344 suum
979 1294 1010 1344 et
1021 1281 1092 1342 nihil
1106 1281 1145 1341 ad
1158 1299 1211 1340 voa
1221 1279 1348 1341 attinen-

152 1393 159 1412 ·
251 1376 324 1439 tem,
335 1371 520 1451 Apollonide
534 1375 683 1436 Cardieno
703 1375 859 1436 fruendum
871 1376 1026 1438 concessit
1066 1371 1157 1452 Atqui
1170 1369 1349 1433 Chersonesi

250 1459 357 1525 limites
373 1473 444 1524 sunt
463 1483 523 1526 non
543 1463 663 1538 Forum,
678 1468 732 1526 sed
753 1486 805 1528 ara
823 1467 908 1530 Joris
928 1467 1191 1544 'terminisque
1205 1474 1253 1525 est
1270 1463 1348 1524 intra

251 1549 386 1616 Pteleum
398 1565 429 1617 st
448 1557 601 1651 'leucam
615 1575 673 1636 quo
686 1559 716 1616 in
729 1557 796 1619 loco
808 1561 890 1622 losse
905 1559 1043 1622 discenda
1062 1559 1117 1619 tuit
1140 1577 1200 1636 qua
1213 1556 1343 1617 Cherso-

245 1663 340 1708 nesus
359 1647 614 1712 disterminaretur.
666 1649 702 1710 ld
717 1653 804 1730 'quod
825 1669 883 1714 are
902 1654 1052 1734 inscriptio
1070 1651 1153 1713 loris
1169 1649 1345 1710 'terminalis

162 1765 169 1774 ·
249 1735 368 1800 indicet.
410 1742 486 1838 Qure
499 1741 543 1836 sic
549 1742 647 1821 jacet:

483 1919 1077 1982 ,uastaueramt’aleqemotue
1170 1903 1183 1948 ·’
1277 1947 1288 1962 ·

568 1995 630 2042 Hac
641 2011 731 2044 summo
739 1997 821 2058 pulcre
831 2003 868 2044 est
877 2005 1015 2046 uenuste
1024 1997 1091 2047 «lori.

504 2072 542 2119 lie
553 2071 653 2133 populos
663 2073 741 2120 turbat
749 2071 992 2136 conteutio,Juppiter
999 2072 1052 2135 ipse

570 2147 624 2196 Rex
636 2163 747 2211 euperem
752 2148 925 2198 medimlimite
936 2148 1012 2211 riguus
1021 2161 1098 2212 agros.

225 2305 315 2368 “Hac
340 2307 429 2387 igitur
453 2311 571 2391 regione
589 2329 656 2389 qure
675 2319 759 2371 tenta
776 2319 824 2370 est
841 2322 981 2390 quantem
1002 2308 1111 2369 no'runt
1131 2309 1261 2390 plerique
1287 2331 1341 2372 rc·
1424 2323 1428 2331 '

201 2470 203 2479 ,
245 2408 348 2475 suum,
360 2401 466 2480 partim
479 2412 514 2463 nt
525 2421 581 2462 sua
593 2401 657 2480 ipse
670 2401 786 2475 fruitur,
798 2403 903 2482 partim
917 2402 981 2462 eliis
994 2421 1060 2462 earn
1073 2398 1154 2462 dono
1168 2401 1260 2475 dedit,
1274 2421 1341 2463 om·

243 2510 355 2570 necque
368 2491 568 2573 possessiones
578 2502 699 2557 ‘vetrae
722 2491 779 2553 sibi
797 2490 936 2553 uindicet
978 2492 1042 2553 Nec
1056 2513 1123 2553 eam
1134 2493 1342 2559 tautummodo

241 2594 366 2663 usurpat
377 2586 526 2664 regionem
539 2603 606 2663 qure
617 2592 702 2644 extra
714 2582 824 2644 Forum
837 2593 894 2657 est,
908 2582 962 2645 sed
975 2584 1049 2646 etin
1060 2584 1116 2645 hee
1127 2586 1250 2666 epistola
1263 2588 1339 2649 scri·

208 2734 213 2741 ,
240 2674 350 2736 bitror
370 2687 503 2757 oportere
516 2695 584 2737 cum
601 2674 756 2737 Cardianis
778 2675 829 2755 qui
850 2674 927 2737 intra
950 2674 1059 2737 Forum
1077 2678 1212 2739 habitant
1224 2680 1339 2759 judicio

238 2768 408 2847 transigere,
423 2768 519 2848 siqua
531 2768 612 2830 vobis
636 2788 704 2829 cum
728 2767 785 2827 illis
807 2768 1003 2830 controuersia
1022 2768 1071 2844 sit,
1084 2790 1153 2830 cum
1167 2769 1337 2847 Cardianis,

189 2922 194 2939 „
238 2859 432 2940 inopiamqui
454 2856 618 2923 inditione
642 2860 973 2944 vestraconsedernnt.
1015 2861 1207 2924 Considerate
1233 2872 1336 2927 autem

240 2972 310 3015 num
323 2972 413 3034 parva
426 2953 464 3014 de
477 2972 508 3015 re
521 2953 564 3015 illi
573 2954 724 3015 vobiscum
737 2962 966 3015 controvertent.
983 3023 985 3030 ι
1009 2952 1049 3015 Se
1068 2954 1171 3015 dicum
1183 2954 1338 3034 regionem

239 3040 366 3107 incolere
380 3065 446 3126 qure
455 3064 509 3106 sue
521 3046 567 3118 rit,
583 3056 615 3107 et
628 3064 687 3105 non
700 3056 818 3115 vestras
839 3056 871 3105 et
882 3046 1025 3126 quidquid
1036 3064 1090 3106 ros
1099 3046 1139 3106 ibi
1149 3047 1337 3127 possideatis,

238 3136 336 3219 idrus
345 3139 497 3219 possidere
507 3148 647 3219 tanquam
660 3138 692 3198 iu
709 3134 804 3199 aliene
825 3137 937 3199 ditione
954 3149 1081 3219 pertram,
1098 3148 1130 3225 at
1141 3158 1210 3218 quoe
1222 3139 1277 3218 ipsi
1290 3150 1337 3201 te·

240 3241 340 3307 neant,
354 3250 387 3293 se
409 3241 511 3293 tenere
530 3241 670 3311 tauquam
688 3229 798 3292 londos
816 3230 848 3289 in
868 3248 924 3289 rus
942 3238 1038 3300 terra3
1059 3240 1090 3289 et
1101 3230 1166 3290 hec
1178 3230 1270 3291 civem
1283 3250 1336 3293 ue·
1410 3283 1412 3286 .

238 3332 344 3395 strum,
369 3322 539 3404 Callippum
559 3322 772 3395 Poeaniensem,
792 3321 911 3382 decreto
934 3322 1093 3401 scripsisse.
1135 3322 1170 3381 ln
1182 3341 1241 3423 quo
1253 3322 1336 3385 haud

237 3434 309 3477 sene
319 3416 508 3488 mentiuntur,
521 3414 640 3495 scripsit
648 3414 738 3475 enim.
778 3414 875 3482 Quem
888 3432 979 3494 quum
988 3433 1044 3493 ego
1052 3414 1334 3495 violatammlegum

232 3528 317 3569 reum
328 3508 476 3579 seciorem,
490 3524 543 3569 vos
554 3506 731 3570 absolvistis.
774 3504 902 3568 Proinde
911 3505 943 3566 id
955 3504 1054 3567 effecit
1062 3518 1097 3567 ut
1108 3515 1144 3569 ea
1160 3508 1200 3568 de
1212 3507 1333 3586 regione

235 3600 381 3661 haberetis
399 3596 635 3661 controversiam.
678 3597 769 3669 Quod
785 3600 876 3664 sivos
889 3616 950 3658 non
962 3597 1085 3678 pudebit
1096 3598 1200 3660 dehoc
1213 3599 1334 3680 injudi-

153 3722 156 3727 ·
236 3694 313 3757 cium
326 3692 424 3753 venire
437 3702 540 3753 contre
553 3692 716 3753 Cardianos
729 3701 829 3752 utrum
849 3710 887 3752 ea
906 3690 988 3770 regio
999 3700 1108 3765 vestre,
1120 3710 1159 3752 an
1170 3712 1239 3753 vero
1251 3694 1331 3773 ipso-

232 3806 297 3850 rum
310 3784 358 3861 sit,
370 3803 424 3845 cur
435 3802 497 3846 non
507 3784 612 3845 eodem
625 3784 712 3844 etiam
723 3793 826 3844 contre
839 3781 1027 3843 chersonitae
1042 3782 1170 3861 reliquos
1188 3784 1254 3863 jure
1271 3786 1331 3847 uti·

232 3876 327 3939 minii
367 3876 448 3943 Quin
461 3876 584 3936 insultet
595 3875 679 3955 vpbis
695 3876 770 3936 adeo
782 3873 1002 3948 contumeliose,
1015 3886 1050 3933 ut
1067 3874 1136 3951 aiat,
1149 3874 1175 3935 si
1188 3874 1330 3937 Cardiani

232 3971 331 4033 venire
353 3972 383 4031 iu
401 3966 544 4049 judicium
557 3976 704 4038 recusent,
721 3986 754 4027 se
766 3985 819 4029 eos
837 3976 1026 4027 coacturum:
1047 3968 1132 4046 quasi
1142 3985 1213 4027 vero
1222 3985 1275 4028 ros
1289 3988 1330 4030 ne

233 4064 396 4129 Cardianus
423 4060 540 4143 quidem
563 4058 682 4139 possitis
704 4058 823 4139 adigere
844 4057 884 4119 ad
905 4076 942 4119 ea
958 4058 1042 4120 vobis
1066 4058 1235 4139 pressanda
1259 4079 1329 4141 ques

230 4156 310 4235 justa
323 4165 402 4217 sunt.
444 4152 535 4223 Quod
543 4171 635 4233 quum
641 4170 694 4215 ros
704 4150 867 4232 nequeatis,
881 4150 1059 4232 ipseaeillos
1069 4151 1108 4212 ad
1119 4152 1150 4212 id
1160 4152 1327 4217 iaciendum

332 4328 476 4379 ¹Montani.
503 4326 597 4377 Wosr·
844 4327 950 4377 'Albam
962 4329 1052 4377 Aoum.
1083 4329 1162 4380 lm·
1274 4358 1279 4364 ·
