2934 5000
527 309 585 372 DE
605 311 789 373 CORONA.
1095 361 1097 371 ,
1150 307 1206 364 187

120 467 205 534 pater
217 466 284 516 tuus
298 457 419 519 Tromes
433 461 512 539 apud
523 460 636 541 Elpiam
649 463 699 540 qui
717 462 756 522 ad
771 461 879 521 Thesei
891 462 990 521 fanum
1004 462 1128 522 docebat
1141 462 1205 524 lite-

119 569 169 609 ras
191 550 341 624 serviebat,
359 555 466 612 crassis
485 555 674 633 compedibus
698 565 729 614 et
750 553 830 632 ligno
852 553 1047 614 constrictus?
1067 571 1104 612 au
1124 555 1205 630 quod

117 651 210 700 mater
222 653 274 702 tua
293 645 465 720 quotidianis
485 646 591 724 nuptiis
612 647 642 704 iu
660 645 770 706 fornice
789 651 872 722 juxta
897 645 1065 706 Calamitem
1087 644 1204 702 beroem

117 751 234 811 operam
248 754 313 792 cum
328 735 418 802 daret,
432 737 596 814 elegantem
610 757 674 796 eam
696 748 823 798 statuam
843 749 873 796 et
893 757 1034 796 summum
1056 735 1203 794 tertiarum

116 825 245 902 partium
262 825 428 887 histrionem
447 828 593 886 nutriebat
616 828 665 887 tei
705 830 794 907 Atqui
820 829 882 888 haec
904 849 1005 888 omues
1029 836 1144 897 norunt,
1160 839 1204 888 et-

116 915 200 975 iamsi
211 937 268 994 ego
280 917 504 996 pretermittam.
545 919 594 976 Aa
607 920 687 996 quod
705 939 770 980 eam
784 921 915 980 nauticus
929 921 976 980 ille
990 919 1098 978 tibicen
1113 918 1215 978 Pborae

114 1008 175 1064 mio
202 1008 307 1067 Dionis
329 1009 492 1068 Phrearrbii
515 1029 615 1068 servus
638 1012 674 1070 ab
696 1010 898 1071 honestissimo
920 1012 977 1072 hoo
998 1019 1113 1092 quoestu
1135 1030 1204 1070 evo·

116 1100 228 1160 cebet?

157 1195 207 1251 41.
229 1194 336 1272 Verum
350 1215 400 1274 per
417 1196 522 1256 Jovem
538 1195 667 1272 deosque
680 1201 800 1255 omnes!
820 1215 920 1254 vereor
933 1213 981 1266 ne,
996 1195 1066 1254 dum
1076 1195 1113 1254 de
1128 1203 1157 1254 te
1168 1213 1205 1256 eu

115 1283 264 1363 dicoque
278 1285 308 1344 in
322 1296 350 1344 te
363 1289 546 1358 conveniant,
561 1286 623 1364 ipse
636 1286 707 1346 mibi
720 1286 837 1366 quidem
851 1306 952 1366 parurn
966 1305 1125 1364 congruum
1139 1306 1202 1346 sus·

114 1375 232 1452 cepisse
246 1375 345 1434 videar
366 1397 537 1436 sermonem.
578 1377 652 1436 llaec
671 1377 759 1454 igitur
773 1377 864 1436 missa
876 1377 993 1445 seciam,
1008 1378 1044 1436 ab
1058 1377 1092 1434 iis
1106 1388 1203 1437 autem

116 1465 216 1524 ordiar
233 1485 300 1542 quoe
313 1466 377 1544 ipse
394 1469 424 1526 in
439 1469 500 1526 vite
513 1469 613 1546 gessit
655 1468 724 1528 Non
742 1468 817 1528 enim
832 1488 868 1526 ex
882 1467 982 1546 quovis
993 1467 1143 1528 hominum
1153 1487 1203 1545 ge·
1273 1495 1276 1511 ·

115 1556 258 1628 nesciuit,
271 1558 325 1616 sed
338 1577 376 1616 ex
385 1559 420 1617 iis
432 1579 505 1636 quos
515 1559 640 1639 populus
650 1569 825 1620 exsecratur.
866 1559 937 1620 Sero
947 1558 1022 1620 enim
1036 1559 1205 1630 tandem-7

114 1665 183 1706 sero
201 1646 324 1724 loquori
343 1650 430 1708 immo
444 1671 512 1710 vero
524 1651 586 1710 beri
599 1663 630 1711 et
642 1671 733 1730 nuper
753 1649 837 1710 simul
853 1661 883 1710 et
892 1650 1079 1710 Atheniens-is
1093 1658 1124 1708 ct
1139 1667 1202 1709 ora-

115 1747 162 1797 tor
176 1749 221 1798 est
239 1740 343 1812 factus,
354 1760 390 1800 ac
404 1743 517 1802 duabus
532 1743 652 1823 syllabis
665 1743 786 1818 adjectis
798 1752 909 1822 patrem
923 1762 975 1821 pro
988 1743 1122 1802 Tromete
1135 1740 1206 1802 lecit

115 1832 312 1906 Atrometum,
325 1845 447 1894 monem
456 1845 554 1894 autem
566 1835 724 1895 honorifice
733 1854 804 1895 saue
814 1834 1026 1895 Gloucotbeaur
1036 1833 1204 1906 nominavit,

115 1943 203 2002 quam
218 1924 374 2004 Empusam
395 1945 496 1987 omnes
515 1928 613 1988 sciunt
627 1928 793 2000 vocitatam,
807 1936 900 1988 tracto
913 1927 1047 1988 videlicet
1055 1925 1123 1986 inde
1132 1944 1203 2003 cog-

115 2016 234 2076 nomine
247 2018 328 2094 quod
341 2019 438 2079 omnia
455 2031 486 2078 ot
506 2021 616 2080 laceret
638 2032 669 2081 et
688 2029 854 2100 pateretur:
875 2021 953 2079 unde
977 2020 1052 2080 enim
1073 2017 1203 2098 alioqui?

116 2107 158 2164 Et
169 2118 268 2166 tamen
280 2109 321 2168 ita
332 2109 464 2186 ingratus
477 2129 510 2170 es
523 2121 611 2188 atque
630 2111 778 2187 improbus
801 2120 913 2182 nature,
935 2121 968 2169 ut
986 2111 1058 2172 liber
1071 2131 1106 2170 ex
1119 2127 1204 2170 servo

116 2209 150 2258 et
159 2199 242 2258 dives
251 2219 290 2259 ex
302 2210 407 2278 egente
416 2201 517 2261 horum
529 2202 672 2262 beneficio
684 2202 791 2273 factus,
800 2221 860 2262 non
869 2202 959 2260 modo
967 2220 1026 2260 non
1037 2202 1158 2280 gretiam
1167 2201 1203 2258 iis

114 2291 236 2364 babeas,
250 2292 304 2352 sed
316 2302 348 2352 et
358 2311 446 2372 opera
458 2305 509 2353 tua
520 2294 619 2354 locata
631 2303 734 2354 contra
746 2293 800 2353 bos
815 2313 905 2371 remp.
919 2313 1013 2373 geras.

158 2386 208 2443 42,
229 2385 327 2462 Atque
349 2406 386 2445 ea
408 2386 527 2465 quidem
549 2386 713 2466 dequibus
738 2384 933 2446 controversia
952 2394 1008 2456 est,
1031 2393 1127 2442 utmm
1150 2403 1204 2461 pro

113 2476 267 2555 republica
288 2477 446 2538 dictasint
465 2479 570 2539 abillo
591 2497 695 2551 necne,
721 2478 958 2556 pretermittam:
979 2495 1045 2555 quoe
1067 2492 1134 2533 vero
1150 2493 1203 2553 pro

114 2568 251 2628 hostibus
274 2571 465 2648 proculdubio
490 2590 576 2649 ogere
598 2579 765 2649 compertus
791 2581 846 2641 est,
871 2569 937 2628 beo
963 2567 1203 2627 commemorabo.

116 2660 192 2727 Quis
203 2662 282 2721 enirn
300 2674 428 2723 vestrum
444 2664 652 2742 Antiphontem
671 2662 752 2721 illum
776 2663 852 2721 tribu
875 2672 984 2721 motum
1008 2660 1130 2737 ignorat,
1153 2659 1203 2736 qui

114 2751 250 2832 Philippo
272 2754 417 2832 pollicitus
432 2774 464 2813 se
484 2754 599 2814 navalia
615 2764 711 2814 vestre
729 2754 914 2813 incensurum
931 2752 961 2809 in
985 2750 1085 2808 urbem
1103 2748 1203 2809 venit?

116 2862 205 2921 quem
217 2864 283 2904 cutu
295 2864 352 2923 ego
369 2845 507 2905 latentem
519 2846 551 2904 in
562 2846 673 2905 Pimeo
692 2844 938 2924 deprehenderem
954 2859 1109 2919 coramque
1121 2840 1203 2899 vobis

113 2935 299 2997 inconcione
317 2938 519 3015 produxeram,
538 2937 691 2997 clamitans
703 2937 849 3015 malignus
863 2934 916 2992 iste
930 2941 960 2990 et
973 2931 1141 3001 vociferans,
1156 2950 1202 2990 me

113 3028 147 3085 in
160 3028 276 3087 civitate
287 3029 379 3087 bbere
394 3029 516 3107 indigna
528 3030 623 3087 faeere
642 3028 693 3104 qui
706 3024 881 3085 calamitosis
901 3023 1012 3081 civibus
1033 3022 1202 3081 insultarem

114 3130 205 3197 atque
220 3119 299 3184 tedes
312 3119 477 3179 invaderem
491 3120 554 3179 sine
567 3118 697 3189 decreto,
709 3115 831 3195 perfecit
842 3124 875 3173 ut
888 3114 1084 3173 dimitteretur.
1114 3113 1201 3181 Quod

112 3211 175 3269 nisi
188 3224 305 3269 senatos
319 3210 539 3288 Areopagitious
552 3230 584 3269 re
597 3209 756 3279 intellecta,
777 3225 844 3267 cum
861 3203 1054 3283 imprudentia
1072 3203 1131 3263 labi
1146 3222 1202 3263 vos

112 3300 295 3361 alienissimo
316 3310 446 3378 tempore
466 3301 587 3371 videret,
609 3300 753 3360 bominem
777 3295 992 3375 perquisivisset
1013 3294 1202 3372 comprehen-

115 3412 243 3471 sumque
252 3391 289 3451 ad
302 3411 354 3451 vus
367 3392 541 3463 reduxisset,
554 3401 670 3469 ereptus
684 3399 762 3448 esset
774 3388 861 3446 bomo
874 3386 940 3445 talis
950 3384 1096 3465 justisque
1108 3386 1201 3465 poeuis

116 3486 208 3545 elusis
225 3504 244 3544 a
261 3483 453 3563 grandiloquo
472 3484 529 3545 boc
551 3492 665 3543 oratore
683 3489 762 3541 esset
785 3479 940 3539 dimissus:
961 3496 1038 3537 nunc
1051 3494 1119 3537 vcro
1133 3498 1200 3537 eum

116 3576 279 3656 questione
298 3574 397 3635 babitu
416 3587 509 3635 morte
528 3573 674 3644 affecistis,
694 3590 752 3649 qua
772 3570 849 3629 bunc
869 3568 954 3629 etium
973 3567 1045 3629 effici
1065 3570 1200 3649 oportuit.

117 3670 221 3747 ltaque
234 3688 302 3729 cum
315 3668 379 3727 boec
389 3668 477 3730 sciret
487 3688 553 3747 quse
566 3677 629 3727 tum
642 3666 680 3725 ab
702 3682 738 3723 eo
760 3671 842 3741 geste
858 3670 927 3721 sunt
940 3670 1055 3721 senatus
1071 3662 1199 3740 Areopa·

117 3762 233 3839 gitious,
244 3778 355 3837 vosque
368 3779 433 3819 eum
451 3779 503 3838 per
515 3759 637 3819 eandem
646 3754 848 3835 ignorantiam,
861 3772 914 3833 per
932 3772 1019 3831 quum
1033 3753 1123 3828 multa
1137 3753 1199 3831 jam

116 3852 148 3911 iu
173 3852 320 3931 republica
342 3850 512 3930 projecistis,
527 3861 653 3911 actorem
664 3857 792 3909 vestrum
803 3848 831 3905 iu
844 3847 1025 3915 controuersia
1038 3844 1075 3903 de
1092 3842 1201 3919 templo

117 3945 242 4005 Deliaco
255 3942 399 4023 suffragiis
410 3944 512 4003 vestris
525 3941 715 4012 creavissetis,
723 3938 896 4017 simulatque
909 3946 1042 3995 senatum
1055 3931 1134 3991 illum
1148 3932 1200 3989 ad-

117 4037 244 4097 vocastis
253 4036 338 4115 eique
351 4055 411 4094 rem
426 4034 606 4115 permisistis,
620 4034 707 4093 istum
719 4032 744 4091 is
758 4030 875 4109 quidem
895 4028 1033 4089 continuo
1056 4023 1153 4101 rejecit
1168 4036 1200 4081 ut

117 4128 303 4205 proditorem,
325 4126 465 4206 Hyperidi
486 4136 582 4187 autem
604 4142 722 4184 causam
739 4123 816 4181 hanc
836 4116 999 4179 mandavit:
1021 4123 1108 4189 atque
1127 4111 1199 4185 hoec,

118 4237 185 4277 cum
197 4240 233 4279 ex
246 4238 301 4279 ara
316 4220 457 4279 ferrentur
476 4217 602 4288 mbessoe,
627 4216 729 4294 gessit,
753 4231 848 4290 neque
871 4209 930 4267 ullo
950 4204 1065 4265 omnino
1092 4204 1200 4265 tubelle

118 4310 168 4369 isti
179 4310 291 4390 impuro
304 4310 463 4389 suffragata
474 4322 530 4371 est.
571 4310 647 4375 Quoe
661 4317 694 4367 ut
710 4323 807 4367 vetes
822 4298 936 4361 medici
949 4304 1072 4371 constet,
1088 4295 1200 4359 advoca

119 4402 190 4463 mibi
197 4423 296 4466 earum
307 4424 404 4469 rerum
416 4413 517 4465 testes.
