2934 5000
516 328 759 403 PHILIPPICA
783 331 840 394 III.
1188 331 1236 406 at,

126 485 232 568 dumi,
244 485 306 548 Sed
329 485 428 548 Graeci
442 495 540 548 tamen
554 487 619 550 bec
641 487 786 562 ridentes,
806 486 944 560 tolerant,
958 485 1122 566 ⁸eodemque
1140 482 1230 548 modo

127 581 199 640 mibi
215 579 350 642 videntur
361 591 492 659 spectare
511 601 571 661 quo
587 582 637 662 qui
658 581 830 660 grandinem
849 588 995 660 spectent,
1008 589 1093 658 optat
1104 575 1229 656 quisque

126 693 166 734 ne
178 673 209 732 in
225 692 295 734 suos
309 693 393 751 agros
407 673 564 746 deferatur,
578 673 649 734 dum
658 673 757 734 nullus
771 674 923 752 probibere
935 682 1066 732 conatur.
1099 670 1227 728 Tantum

127 776 227 826 autem
242 766 335 837 abest,
346 775 379 824 ut
387 764 483 824 illatas
492 763 529 824 eb
543 784 578 824 eo
587 764 712 826 Gracia
722 765 913 826 contumelias
923 764 1075 844 quisquam
1088 759 1227 833 vindicet,

124 867 163 916 ut
185 876 281 934 neque
302 877 370 916 snas
394 859 519 935 quisque
532 857 651 936 injurias
665 857 839 918 ulciscatur:
859 857 918 918 hoc
931 857 1009 916 euim
1018 852 1229 934 jamdersestic

124 958 227 1008 nostre
246 961 405 1010 extremum
421 959 476 1008 est.
504 949 611 1008 Nonne
626 951 842 1010 Corinthiorum
860 950 978 1030 oppida,
994 947 1183 1008 Ambraciam
1196 954 1229 1006 et

126 1040 305 1112 Leucadem,
320 1041 447 1101 invasit?
471 1059 569 1101 nonne
583 1040 700 1102 Achoeis
721 1042 911 1122 Naupactum
931 1043 1098 1120 ademptam
1121 1037 1227 1098 AEtolis
1346 1105 1351 1110 ¹

124 1135 300 1198 traditurum
316 1134 447 1214 juravit?
471 1153 569 1194 nonne
591 1135 737 1194 Thebanis
761 1135 906 1194 Echinum
937 1131 1063 1213 eripuit?
1090 1140 1122 1189 et
1147 1149 1227 1190 nunc

15 1255 20 1268 ·
125 1239 232 1289 contra
245 1228 403 1308 Byzantios
419 1225 500 1287 ducit
513 1226 684 1298 exercitum,
697 1226 829 1306 quamvis
843 1227 915 1286 socii
927 1224 1046 1286 essenti
1060 1243 1159 1283 nonne
1173 1241 1228 1283 no·

124 1319 363 1380 stram-omitto
377 1327 493 1388 caetera,
508 1319 561 1378 sed
575 1318 753 1378 Chersonesi
765 1319 922 1378 maximam
936 1319 1038 1378 urbem
1051 1318 1143 1376 babet
1152 1315 1228 1376 Car·

123 1411 228 1472 diaml
248 1411 331 1470 Talia
339 1410 427 1488 igitur
439 1411 519 1488 passi
528 1419 701 1470 cunctamur
711 1429 813 1471 omnes
823 1418 855 1471 et
865 1409 1032 1470 effoeminati
1042 1427 1143 1468 sumus
1150 1406 1229 1467 etad
1298 1484 1303 1496 I

123 1503 277 1584 proximos
289 1501 468 1582 respicimus,
486 1501 652 1564 diffidentes
666 1503 715 1562 alii
729 1502 804 1572 aliis,
825 1517 887 1564 non
900 1500 941 1560 illi
954 1511 1017 1561 tam
1031 1509 1132 1579 aperte
1144 1498 1229 1558 nobie

124 1594 263 1656 omnibus
273 1594 393 1673 injurias
403 1594 548 1654 inferenti:
569 1597 613 1654 At
622 1595 693 1672 quid
704 1615 772 1655 eum
782 1595 871 1675 quiin
878 1593 1030 1654 universos
1038 1595 1081 1653 ita
1089 1601 1230 1672 estpetu·

124 1688 203 1756 lans,
214 1687 264 1746 ubi
275 1705 328 1746 nos
339 1686 505 1764 siugulatim
517 1705 617 1748 ornnes
627 1689 787 1765 subegerit,
799 1687 870 1766 quid
883 1687 1025 1746 iacturum
1035 1681 1230 1745 exist‘matis?

168 1782 197 1838 8.
220 1779 295 1848 Qum
308 1779 397 1858 igitur
410 1797 501 1840 causa
522 1788 567 1838 est
580 1779 684 1838 harum
697 1779 814 1840 rerum?
834 1799 929 1858 neque
949 1778 1027 1838 enim
1039 1777 1101 1837 sine
1114 1777 1229 1836 ratione

124 1881 157 1934 et
165 1873 247 1953 justa
256 1889 355 1940 causa,
371 1869 416 1930 vel
430 1881 492 1930 tum
502 1870 577 1930 adeo
587 1873 699 1932 alacres
713 1873 845 1932 erantsd
858 1872 1023 1932 libertatem
1036 1869 1229 1950 defendendam

126 1983 230 2024 omnes
245 1962 352 2034 Graeci,
364 1963 412 2023 rel
425 1981 503 2023 nunc
518 1962 557 2023 ad
567 1965 734 2024 tolerandum
744 1963 934 2047 servitutem?
955 1963 1024 2022 Fuit
1036 1972 1098 2022 tum
1108 1960 1228 2038 aliquid,

124 2058 195 2126 fuit,
209 2055 415 2126 Athenienses,
437 2054 468 2113 in
480 2055 652 2133 populorum
668 2055 784 2128 animis,
806 2057 888 2134 quod
900 2075 980 2115 nunc
997 2073 1056 2114 non
1078 2063 1134 2123 est,
1147 2050 1230 2130 quod

126 2149 286 2208 Persarum
297 2144 474 2223 opulentiam
482 2145 561 2216 vloit,
573 2146 695 2206 Graeciae
704 2146 868 2206 libertatem
880 2147 1016 2218 asseruit,
1027 2165 1124 2224 nsque
1136 2161 1228 2205 nara·

126 2239 206 2308 libus
217 2255 311 2315 neque
321 2235 505 2296 terrestribus
515 2236 544 2295 in
552 2237 660 2315 praeliis
673 2239 839 2311 succubuit,
847 2240 983 2317 qnodque
995 2257 1073 2297 nunc
1082 2237 1228 2316 perditum

127 2351 197 2393 cum
207 2327 247 2390 sit
254 2327 487 2407 omniacorrupit
493 2337 618 2388 ettotam
628 2329 777 2388 Graeciam
786 2329 1042 2388 sursumdeorsum
1048 2328 1227 2408 permiscuit.

129 2421 209 2492 Quid
219 2422 307 2501 igitur
316 2418 475 2480 fuitilludi
498 2419 570 2492 nihil
583 2419 735 2501 multiplex
748 2431 801 2480 aut
814 2419 1011 2492 artificiosum,
1024 2419 1079 2480 sed
1085 2418 1166 2498 quod
1176 2435 1228 2478 eos

128 2533 255 2594 semper,
261 2513 311 2592 qui
320 2532 338 2573 a
348 2513 517 2574 dominandi
527 2514 640 2593 cupidis
649 2514 853 2575 autGrreciam
861 2534 1043 2593 corrumpere
1054 2512 1229 2575 conantibus

126 2608 282 2689 pecuniam
289 2604 482 2683 accipiebant,
495 2624 596 2665 omnes
608 2606 743 2679 oderunt,
753 2615 783 2666 et
792 2608 994 2686 grayissimum
1002 2607 1112 2667 crimen
1120 2614 1192 2674 erat,
1203 2602 1229 2663 si

127 2699 193 2777 quis
202 2706 390 2776 acceptorum
399 2714 550 2757 munerum
561 2698 793 2769 convinceretur,
803 2718 929 2778 eumque
938 2698 1071 2759 maximis
1082 2697 1175 2777 poenis
1184 2692 1229 2755 ai·
1327 2760 1331 2765 ⁴

128 2794 275 2863 ficiebsnt,
284 2809 379 2868 neque
388 2789 587 2869 deprecationi
599 2799 662 2851 erat
671 2792 785 2869 uspiam
796 2802 848 2851 aut
856 2792 949 2853 venias
958 2790 1025 2852 loci.
1040 2789 1167 2851 Proinde
1176 2808 1227 2849 oc·

128 2885 278 2945 cesionem
287 2881 467 2961 singularum
475 2901 580 2953 rerum,
588 2883 799 2961 quamfortuna
806 2885 895 2944 etiam
903 2883 1118 2964 negligentibus
1125 2891 1228 2943 contra

128 2986 256 3037 attentos
267 2994 345 3053 saepe
357 2973 525 3055 suppeditat
534 2984 566 3035 et
578 2976 612 3035 iis
626 2976 676 3055 qui
690 2977 763 3037 nibil
774 2977 981 3039 voluntsacere
994 2986 1099 3039 contra
1110 2994 1163 3037 eos
1175 2974 1228 3054 qui
1310 3026 1315 3032 .
1407 2966 1411 2978 '

128 3068 229 3129 omnis
241 3086 308 3145 quse
321 3078 436 3155 oportet
449 3076 550 3145 agunt,
562 3088 580 3127 a
592 3069 708 3129 nemine
722 3071 770 3129 vel
782 3080 896 3131 oratore
909 3070 956 3131 vel
967 3070 1140 3155 imperatore
1151 3086 1228 3127 nun·

128 3159 225 3221 dinari
239 3157 355 3227 licebat,
368 3176 462 3235 neque
480 3158 567 3219 etiam
581 3161 768 3223 concordiam
788 3164 863 3222 inter
876 3164 967 3241 ipsos,
980 3181 1074 3241 neque
1092 3160 1229 3220 diffiden-

11 3318 15 3331 Ι
128 3252 201 3311 tiam
217 3249 355 3307 adversus
368 3257 506 3327 tyrannos
520 3260 551 3309 et
565 3252 710 3324 barbaros,
731 3274 827 3331 neque
840 3254 970 3332 denique
989 3254 1049 3313 tale
1060 3252 1227 3330 quicquam.

129 3342 222 3403 Nunc
238 3350 406 3419 tanquame
421 3340 483 3399 loro
503 3350 533 3399 et
553 3341 702 3403 divendita
715 3356 784 3403 sunt
796 3345 861 3404 brec
872 3346 981 3417 omnia,
1000 3353 1032 3403 et
1043 3344 1147 3409 borum
1158 3342 1227 3403 loco

127 3434 293 3508 inieruntnr
312 3451 358 3502 ea,
371 3450 501 3509 perque
515 3450 630 3510 pessum
652 3434 702 3493 ivit
714 3419 809 3497 status
823 3435 991 3515 sanitasque
1009 3436 1144 3495 Gracia.
1179 3434 1227 3497 Ea

129 3546 196 3605 quae
220 3523 314 3584 sunt?
335 3522 452 3595 invidia,
480 3524 504 3583 si
523 3525 587 3602 quis
608 3528 723 3605 accepit
744 3527 872 3606 aliquid:
893 3528 981 3598 risus,
1002 3530 1026 3589 si
1052 3529 1225 3589 confitetur:

128 3618 224 3688 renis,
238 3617 263 3675 si
276 3614 473 3675 convincitur:
496 3616 607 3688 odium,
621 3616 645 3677 si
666 3618 732 3697 quis
746 3619 804 3679 ista
816 3618 1015 3699 reprehendit:
1035 3632 1143 3682 caetera
1161 3640 1225 3681 orn·

128 3711 187 3781 nia,
201 3729 268 3787 quae
282 3708 443 3786 pendente
462 3710 654 3788 corruptelis.⁴
668 3710 744 3771 Nam
759 3721 790 3771 et
802 3699 934 3771 triremes
951 3724 983 3771 et
1000 3712 1158 3773 multitudo
1170 3714 1224 3773 bo-

129 3802 240 3861 minum
254 3812 285 3859 et
297 3799 457 3879 pecuniarii
470 3800 583 3861 reditus
605 3812 637 3861 et
649 3802 752 3882 reliqui
765 3814 923 3884 apparatus
943 3806 1037 3884 copia,
1052 3815 1160 3867 cetera
1173 3803 1226 3863 de·

128 3896 216 3973 nique
231 3893 336 3971 quibus
355 3892 468 3951 urbium
483 3894 558 3953 vlres
579 3896 715 3955 testimari
735 3897 840 3969 solent,
863 3894 943 3956 nunc
965 3898 1063 3957 omnia
1082 3896 1175 3955 multo
1195 3905 1228 3956 et

129 3986 214 4064 plura
233 3994 264 4043 et
276 3983 386 4062 majora
399 3993 468 4042 sunt
480 4003 567 4061 quam
582 3987 720 4065 superiori
734 3998 839 4049 retnte:
860 3990 915 4049 sed
936 3989 1068 4049 universa
1081 3986 1147 4046 baec
1159 3986 1224 4047 inu·
1267 4019 1271 4027 1

129 4077 201 4145 tilia,
219 4075 307 4146 irrita,
321 4094 426 4135 manca
439 4076 514 4135 bunt
524 4096 576 4155 par
585 4096 636 4136 eos
651 4080 699 4157 qui
710 4092 923 4159 cauponantur.

171 4171 200 4228 9.
225 4168 270 4227 Ac
283 4185 350 4227 eum
365 4166 482 4245 quidem
496 4188 560 4228 esse
574 4189 652 4230 nunc
665 4182 773 4232 statum
787 4192 894 4243 rerum,
908 4172 964 4251 Ipsi
976 4169 1108 4251 profecto
1119 4170 1224 4234 ridetis
1244 4230 1247 4237 ,

128 4278 225 4338 neque
244 4278 309 4347 meo
323 4259 441 4338 iusuper
452 4261 618 4321 testimonio
632 4262 782 4343 indigetis,
794 4264 988 4343 superioribus
1001 4270 1099 4323 autem
1112 4273 1225 4345 tempo-

128 4354 209 4413 ribus
232 4351 403 4410 contrariam
428 4351 516 4409 luisse
536 4354 687 4424 rationem,
709 4374 766 4433 ego
787 4355 955 4426 declarabo,
976 4372 1035 4413 non
1059 4359 1227 4419 meaverba
1257 4370 1264 4377 '

115 4441 318 4523 proferendo,
332 4442 384 4501 sed
408 4442 546 4521 scripturn
558 4447 699 4523 maj0rum
714 4433 873 4505 vestrorum
886 4446 1079 4524 ostendendo,
1093 4448 1171 4530 quod
1184 4449 1227 4509 illi
