2934 5000
337 271 532 374 ιιιιιιιιι
551 311 692 374 unsri
711 313 967 374 eudemone.
1148 319 1211 376 nn

111 419 228 542 decepit
237 479 245 522 ε
255 464 335 542 'quod
347 465 455 526 deinde
464 467 495 526 in
505 467 665 546 posteriore
679 467 826 546 legatione
834 475 969 547 tempora
980 421 1172 546 consumptit,
1179 479 1213 526 et

112 553 185 614 nihil
195 574 294 618 eorum
303 575 369 634 quoe
378 578 432 617 sos
440 557 839 636 mandaveratis,fecit,quod
848 559 948 619 lucum
954 557 1213 636 lecitreipublices.

108 645 153 704 ‘Et
164 647 290 708 excitata
300 669 363 727 spe,
378 669 444 726 qum
458 649 601 710 vellemus
612 670 679 720 nos,
694 650 862 729 Philippum
875 669 940 712 erse
948 649 1212 719 iacturum,omnia

111 735 247 814 perdidit,
252 739 333 815 quod
343 749 532 816 postremum
543 739 590 796 alii
601 752 826 815 praemonerent,
833 739 997 801 cavendum
1005 757 1072 799 esse
1079 740 1213 818 eum,qui

111 845 165 888 vos
173 837 217 890 tot
229 829 338 909 injuriis
350 827 506 910 affecisset,
517 828 579 906 ipse
592 828 732 888 defendit.
754 829 831 888 llaec
844 849 964 901 accuso,
973 829 1039 889 baec
1051 831 1214 890 memineri-

112 918 160 978 tis.
189 919 272 978 Nem·
286 919 397 998 justum
410 919 514 998 pacem
527 927 558 978 et
570 937 696 996 aequam,
708 919 843 978 homines
856 918 925 980 item
938 919 1115 999 incorruptas
1133 921 1214 997 fidei,

112 1019 223 1088 etpost
235 1010 307 1072 nihil
318 1001 469 1084 mentitos,
482 1011 570 1071 etiam
580 1009 758 1083 laudassem,
770 1020 802 1070 et
813 1029 924 1070 corona
936 1012 1039 1072 doceri
1046 1011 1213 1092 jussissem.

114 1101 147 1167 Si
160 1102 227 1179 quis
239 1113 339 1164 eutem
351 1121 404 1163 sos
418 1101 480 1162 dux
493 1101 592 1162 effecit
600 1099 721 1181 injuriis,
734 1100 765 1158 id
779 1100 909 1162 adhunc
922 1101 1080 1162 reddendo
1092 1105 1222 1165 rationis„

113 1211 234 1256 causum
247 1194 317 1256 nihil
331 1194 446 1256 attinet.
480 1194 554 1262 Quis
568 1193 647 1253 eninr
660 1193 721 1250 dux
734 1191 834 1264 Alam,
846 1192 913 1270 quis
926 1192 1094 1254 Phocenses
1114 1197 1213 1275 perdi-

114 1283 180 1344 dit?
200 1287 266 1362 quis
286 1286 462 1348 Doriscuml
492 1285 559 1364 quis
581 1285 824 1364 Cersobleptemi
845 1285 912 1364 quis
925 1304 1047 1344 sacrum
1066 1289 1215 1348 mouteml

113 1375 181 1452 quis
195 1375 311 1454 Pylas?
331 1378 397 1454 quir
410 1377 516 1449 effecit,
529 1387 564 1437 ut
575 1396 628 1458 per
649 1376 746 1436 socios
760 1386 793 1436 et
805 1375 914 1434 amicos
928 1377 1073 1453 usquead
1087 1378 1214 1438 Atticum
1279 1421 1284 1428 ,

116 1465 254 1545 Philippo
267 1477 348 1528 esset
359 1467 436 1530 itert
456 1467 520 1545 quis
535 1469 711 1538 Coroneam,
733 1468 799 1550 qnis'
822 1466 1054 1539 Orchomenum,
1067 1469 1134 1544 quis
1153 1468 1216 1525 Eu-

115 1557 215 1618 boeam
228 1557 384 1618 uliennvitl
403 1560 469 1636 quis
484 1558 611 1637 Megara
620 1559 709 1638 paulo
720 1557 812 1618 antei
823 1557 890 1636 quis
905 1556 1063 1618 Thebanos
1071 1557 1215 1618 firmavit?

117 1649 370 1728 Quaequanquem
383 1659 428 1712 tot
441 1657 582 1727 mutoque
594 1661 675 1721 sunt,
687 1649 762 1708 nihil
771 1658 872 1710 tamen
885 1667 998 1720 eorum,
1006 1649 1095 1726 culpa
1107 1647 1218 1716 ducum

116 1740 213 1818 periit,
228 1759 325 1818 neque
337 1751 437 1802 vestro
448 1761 597 1802 eumenen
617 1759 792 1802 concessum
805 1741 836 1800 in
849 1759 933 1820 poce,
949 1739 1104 1819 Philippus
1117 1749 1217 1805 enne

116 1830 169 1890 sed
183 1851 219 1892 ee
231 1851 283 1911 per
295 1833 369 1893 istos
382 1833 539 1912 perierunt,
553 1851 712 1912 eorumque
725 1831 916 1912 corruptelas.

128 1969 131 1979 .
157 1925 207 1982 94.
229 1924 319 1990 Quod
332 1927 358 1986 si
370 1924 435 1986 haec
453 1925 570 2004 fugerit,
585 1936 617 1986 et
636 1925 747 1998 errarit,
760 1934 792 1986 et
804 1923 920 2002 quidvis
933 1927 1031 2004 potius
1043 1926 1158 1998 dixerit,
1171 1926 1217 1988 sic

116 2015 146 2074 ei
158 2017 312 2076 occurrite.
334 2016 405 2076 Non
418 2016 456 2074 de
470 2017 545 2076 duce
554 2017 700 2095 judicium
713 2016 854 2079 recinunt
876 2037 937 2079 non
950 2017 1054 2080 horum
1061 2019 1217 2088 criminum

117 2122 190 2172 reus¹
198 2124 242 2176 es,
251 2125 290 2166 ne
302 2105 360 2175 dic,
376 2107 462 2166 etiam
476 2105 564 2164 elium
573 2107 738 2184 quempiam
747 2107 1042 2184 praebuissecauram
1054 2109 1219 2170 Phocensi-

117 2213 169 2254 um
182 2195 314 2256 excidio:
336 2195 390 2256 sed
402 2207 432 2258 te
445 2197 589 2256 insontem
604 2217 670 2258 esse
692 2195 850 2258 ostendito.
891 2195 971 2264 Quid
995 2197 1095 2273 igitur,
1108 2197 1220 2278 si‘quid

119 2283 241 2364 deliquit
249 2287 475 2359 Demosthenes,
488 2306 568 2352 nunc
583 2305 691 2358 nemu,
704 2297 735 2344 et
745 2303 816 2356 non,
829 2304 897 2347 cum
911 2285 1052 2346 rationem
1071 2290 1218 2364 redderet,
1266 2308 1277 2326 ⁸

119 2379 303 2443 accusabas?
327 2369 405 2443 Nnni
415 2385 532 2454 propter
545 2373 602 2434 hoo
615 2374 709 2453 ipsum
718 2375 826 2454 ὤμω
838 2396 871 2442 es
878 2377 976 2440 exitio.
998 2377 1046 2437 Ne
1058 2378 1118 2454 dic,
1128 2399 1219 2459 quem

118 2487 165 2531 res
179 2471 258 2537 bona
267 2471 305 2530 rit
314 2487 372 2547 pax
381 2476 469 2546 etque
479 2463 567 2528 utilis.
595 2465 776 2529 Nemoenim
787 2468 901 2554 pacina
913 2467 1062 2547 republica
1069 2470 1157 2536 tacte
1166 2491 1221 2543 eus

119 2571 229 2623 ctorem
240 2570 270 2621 te
284 2580 351 2633 esse
365 2559 458 2621 dicit:
472 2556 535 2631 sed,
542 2575 602 2619 uon
611 2558 734 2643 turpiter
743 2570 775 2619 et
782 2558 1010 2638 flagidme,post
1017 2560 1118 2625 multis
1128 2565 1159 2624 in
1172 2584 1219 2637 req
1300 2572 1302 2578 '

118 2654 175 2713 bus
188 2672 242 2713 nos
255 2672 321 2714 esse
334 2652 485 2731 deceptos,
496 2670 556 2711 non
564 2666 567 2671 ·
576 2649 675 2709 omnis
691 2648 823 2729 periisse,
835 2649 867 2709 id
877 2649 978 2719 dicito.
1017 2650 1132 2713 llorum
1140 2656 1219 2729 'enim

119 2746 247 2821 omnium
258 2756 287 2805 te
296 2764 362 2807 esse
374 2753 533 2813 auctorem,
542 2740 573 2811 id
586 2741 671 2803 nobis
680 2750 733 2809 est
743 2750 903 2827 ostensum.
923 2740 986 2801 Cur
996 2762 1066 2803 vero
1075 2744 1219 2807 hactenus

121 2856 189 2897 eum
205 2838 255 2915 qui
269 2837 340 2899 talia
351 2834 527 2915 designarit,
536 2832 664 2893 landas?
689 2832 723 2891 Si
735 2832 779 2893 sic
792 2834 830 2893 nb
839 2852 876 2893 eo
888 2832 1034 2911 carueritis,
1045 2834 1118 2898 nihil
1128 2837 1221 2899 habe.

119 2929 172 3002 bit,
186 2928 265 3008 quod
277 2916 469 3008 respondent}
486 2925 547 2995 ,sed
559 2925 668 2985 frustra
679 2944 784 2985 vocem
793 2924 842 2985 bic
856 2934 954 2997 ecuet,
967 2936 1000 2985 et
1009 2925 1220 2991 declamitabitt

161 3023 211 3081 95.
233 3020 293 3078 Sed
305 3018 436 3089 fortassis
447 3027 478 3077 et
491 3018 529 3077 de
542 3035 616 3076 voce
628 3014 796 3077 necessario
817 3010 977 3078 dicendum
993 3026 1048 3079 est.
1089 3017 1169 3100 Nem
1181 3039 1221 3085 ca

120 3129 239 3190 quoque
257 3127 433 3187 magnopere
454 3108 547 3166 fretus
569 3126 635 3165 esse
655 3107 757 3179 lemur,
770 3116 804 3166 ut
827 3108 949 3168 acdonir
962 3109 1148 3170 vehementia
1165 3132 1219 3173 voe

121 3202 329 3263 debellaturus.
370 3198 488 3258 Facturi
503 3206 599 3257 autem
614 3198 695 3270 estis,
707 3217 774 3258 mea
786 3198 905 3277 quidem
926 3198 1071 3278 opinione,
1090 3202 1221 3261 omnium

107 3292 312 3372 ineptissime,
321 3292 346 3350 si
359 3308 447 3368 quem
460 3288 596 3368 Thyestis
611 3298 642 3348 et
656 3288 777 3369 Trojani
788 3288 859 3349 belli
871 3289 952 3349 mala
963 3299 1221 3367 representantem

122 3385 259 3466 ejecistis,
274 3393 304 3443 et
318 3380 492 3442 exsibilastis
507 3380 669 3453 etheatris,
684 3390 714 3441 et
735 3388 851 3439 tantum
871 3383 933 3438 uon
952 3379 1098 3459 lapidibus
1121 3383 1221 3444 obrui-

123 3479 186 3549 stis,
196 3494 290 3555 usque
301 3474 377 3533 adeo
386 3472 483 3533 donec
497 3470 678 3531 stertimum
688 3470 804 3530 acdone
813 3469 1107 3548 pertiumdimovistis
1119 3492 1128 3533 ι
1142 3492 1220 3548 eum,

122 3565 392 3653 postquampnonin
407 3582 506 3636 scena,
521 3561 575 3625 sed
585 3563 615 3621 in
629 3560 779 3641 republica
791 3570 822 3620 et
833 3561 968 3621 maximis
981 3562 1106 3642 negotiis
1119 3564 1221 3628 civita.
1338 3566 1347 3576 ’

123 3664 162 3721 tis
191 3658 304 3729 infinite
320 3656 437 3717 scelere
459 3654 646 3737 perpetravit,
669 3662 734 3713 tum
768 3651 887 3712 demum
911 3662 945 3711 ut
965 3652 1043 3713 belle
1066 3668 1221 3719 sonmtem

125 3761 234 3813 attente
255 3748 391 3810 audietis.
433 3746 555 3805 Minime
570 3764 650 3805 vero.
690 3744 778 3803 Absit
791 3762 811 3801 a
829 3743 912 3803 vobis
929 3742 970 3805 'ea
986 3744 1131 3807 stultitia:
1152 3767 1221 3807 cum

124 3863 220 3924 proeco
234 3838 442 3921 approbandus
457 3846 514 3911 est,
528 3836 559 3897 id
572 3834 767 3916 spectandum
783 3852 848 3895 esse
860 3835 970 3910 ducite,
988 3856 1028 3897 an
1049 3838 1090 3898 sit
1100 3838 1220 3899 vocalis.

84 3994 92 4003 ,
124 3934 271 4015 Legatum
284 3941 383 4015 autem
396 3940 428 3991 et
440 3926 608 4008 reipublice
626 3927 862 4007 gubernatorem,
876 3946 945 3987 cum
961 3928 1056 3987 virum
1078 3946 1146 3987 esse
1165 3928 1218 3987 bo·

125 4045 194 4086 uum
208 4035 271 4085 tum
283 4040 422 4103 magnum
434 4039 487 4100 pro
500 4020 583 4080 vobis
607 4027 637 4078 et
660 4036 777 4098 equum
800 4033 878 4097 erga·
893 4036 945 4076 vos
969 4018 1098 4076 animum
1110 4017 1220 4079 habere

125 4126 248 4199 oportet.
291 4114 375 4175 Sicut
387 4131 443 4193 ego
461 4111 629 4192 Philippum
650 4130 711 4171 non
735 4129 801 4170 sum
820 4109 991 4177 admhnnrs,
1015 4108 1069 4167 sed
1090 4110 1220 4189 captivos

126 4209 284 4271 admiretur
302 4205 425 4281 servari,
438 4222 534 4285 neque
548 4199 728 4263 dissimulari
746 4201 913 4279 quicquam.
955 4198 1016 4257 lste
1029 4218 1098 4260 vero
1111 4209 1141 4261 et
1149 4212 1220 4263 unte

125 4300 209 4361 illum
221 4298 404 4379 procidebat,
418 4306 450 4359 et
461 4314 585 4377 persnas
594 4294 744 4365 cantabat,
759 4302 789 4351 et
801 4308 854 4349 vos
868 4288 1058 4369 despiciebat.

166 4394 216 4452 96.
237 4390 285 4453 Ad
311 4391 387 4464 hec,
414 4389 475 4451 sive
500 4384 676 4466 eloquentie,
704 4384 765 4451 sive
791 4380 922 4442 claritate
945 4379 1038 4463 vocis,
1069 4382 1131 4447 slve
1152 4387 1218 4449 alio
