2934 5000
476 311 644 372 courum
665 311 887 377 urorum..
1152 310 1209 382 ιιι
1257 388 1261 396 ¹
1316 399 1319 404 Ι

60 541 68 548 ι
114 459 316 533 Athenienses,
327 462 377 541 qui
400 466 463 524 hnc
487 467 624 538 referans,
647 467 834 528 acerbitatem
857 467 898 525 rei
918 475 1011 546 gestae
1031 465 1211 526 auditoribus

114 551 156 611 sic
182 565 388 632 representare
414 557 515 634 possit,
537 558 614 618 sicut
636 577 745 630 revera,
765 559 889 637 ipsoque
908 557 988 618 facto
1011 540 1162 662 vapulanti
1182 567 1214 616 et

116 643 325 725 spectatoribus
340 645 459 706 evidens
479 658 601 728 apparet
614 642 803 709 contumelia.
845 647 1065 708 Considerate
1055 649 1144 728 agitur
1159 665 1213 725 per

112 733 218 794 Jorem'
246 745 277 794 et
300 735 381 809 deos,
406 739 610 811 Athenienses,
635 752 665 801 et
690 743 818 820 cogitate
842 741 1004 811 vobiscum,
1022 750 1134 819 quanto
1151 759 1218 798 ma-

110 826 174 904 jore
192 826 345 888 iracundia
359 849 405 888 me
417 831 588 899 inflammari
601 833 780 903 convenerit,
793 852 860 893 cum
871 853 891 892 a
901 833 995 894 Midia
1007 831 1049 891 sic
1063 841 1213 904 tractam,

113 937 200 994 quam
213 927 286 978 tnnc
301 919 458 980 Eumenem
471 921 553 980 illum
568 924 618 1000 qui
633 924 845 984 Boeotumiuter
862 923 943 984 iecit.
985 925 1062 984 Nam
1080 925 1106 981 is
1127 921 1213 982 afa·

113 1007 227 1080 miliari,
241 1030 334 1088 eoque
349 1013 438 1085 ebrio,
453 1032 551 1073 coram
566 1032 618 1072 sex
639 1017 692 1074 aut
707 1025 820 1092 septem
833 1015 1011 1086 hominibus,
1021 1016 1115 1095 iisque
1128 1016 1212 1076 iami-

112 1098 243 1171 liaribus,
254 1103 418 1179 vapulavit;
442 1104 491 1181 qui
509 1104 632 1162 alterum
646 1104 684 1164 ob
701 1124 738 1163 ea
749 1123 817 1182 quaa
830 1106 943 1166 fecerat
955 1107 1156 1186 vituperatori,
1168 1109 1212 1167 al·

112 1201 217 1262 terum,
228 1192 252 1250 si
267 1213 351 1271 aequo
366 1193 478 1254 tulisset
496 1195 593 1254 auimo
616 1194 750 1274 injuriam
773 1198 882 1275 irasque
900 1197 1082 1275 imperasset,
1106 1199 1213 1260 deinde

113 1282 260 1344 laudaturi
271 1297 363 1344 erant.
404 1285 570 1347 Praesertim
585 1286 624 1345 ad
635 1306 749 1346 coeuam
760 1288 790 1345 ιιι·
804 1287 884 1346 sedes
899 1287 1142 1365 ingressumque
1155 1308 1211 1348 nee

113 1375 255 1436 accedere
268 1377 322 1454 ipsi
336 1375 451 1437 licebat.
487 1377 554 1456 Ego
573 1397 642 1438 vero
668 1380 706 1437 ab
728 1377 857 1454 inimico,
872 1377 980 1446 sobrio,
995 1389 1211 1450 mauefcontu·

113 1466 209 1526 melio
230 1485 332 1538 causa,
345 1487 404 1526 non
428 1488 480 1548 per
505 1471 685 1540 ebrietatem,
698 1470 728 1530 in
748 1479 909 1550 conspectu
932 1469 1212 1541 ιοιιιιοιιιιιι,οιίιο-

114 1557 232 1635 spitum,
247 1567 277 1617 et
291 1558 407 1630 civium,
423 1580 487 1619 aum
502 1561 686 1622 coutumeliis
701 1561 837 1632 affectus,
849 1571 938 1640 atque
951 1561 1072 1640 insuper
1093 1561 1124 1618 in
1137 1570 1212 1619 tem·

113 1649 174 1728 plo,
190 1670 251 1728 quo
270 1651 340 1710 mihi
361 1671 467 1713 munus
487 1653 634 1714 aedilitatis
654 1653 811 1714 sustinenti
825 1671 934 1733 magna
947 1653 1036 1713 cundi
1050 1653 1211 1757 necessitas
1310 1688 1314 1697 ·

112 1739 310 1804 incumbebat.

155 1839 205 1896 22.
227 1839 275 1897 Ac
290 1855 336 1900 me
351 1839 480 1918 quidem,
493 1839 698 1913 Athenienses,
718 1841 877 1921 prudenter
895 1850 948 1900 ant
961 1839 1093 1901 ·t⁴eliciter
1112 1838 1211 1918 potius

113 1927 250 1996 existimo
263 1929 380 2001 secisse,
394 1943 456 1994 tum
469 1932 520 2011 qui
542 1952 577 1993 eo
600 1939 731 2013 ternpore
751 1931 1125 2019 injuriamdissimularim,
1147 1941 1212 1990 tum
1265 1967 1268 1973 ·

113 2020 164 2096 qui
186 2021 431 2102 periracundiam
453 2043 511 2083 non
532 2025 586 2084 sim
609 2025 646 2084 ad
668 2035 754 2084 atrox
777 2023 896 2103 aliquod
918 2023 1034 2084 facinus
1054 2021 1210 2101 impulsus.

115 2108 176 2168 Sed
191 2107 314 2170 Evaeoni
328 2123 410 2186 tunc,
424 2115 615 2185 etomnibus,
629 2116 732 2192 siquis
750 2114 793 2172 illi
815 2114 886 2173 dum
907 2115 1112 2174 contumeliam
1125 2125 1211 2192 pate.⁶

113 2210 203 2273 retur,
218 2220 305 2280 opem
318 2204 394 2276 tulit,
408 2204 526 2264 omnino
548 2205 681 2284 ignosco.
722 2205 866 2285 Idemque
880 2223 946 2264 meo
960 2204 1078 2280 quidem
1087 2205 1211 2282 judicio,

45 2367 48 2374 .
114 2291 201 2350 etiam
219 2291 351 2371 judicum
364 2294 496 2374 plerique
510 2304 571 2354 tum
590 2296 735 2356 fecerunt.
778 2296 855 2354 Nam
868 2310 928 2354 uno
946 2305 1062 2353 tantum
1074 2295 1213 2373 suffragio

112 2380 284 2442 damnatum
304 2405 369 2446 esse
391 2386 489 2458 audio,
503 2386 591 2466 idque
605 2405 673 2447 cum
688 2403 784 2464 neque
793 2385 931 2452 flevisset.
946 2403 1042 2463 neque
1056 2385 1150 2442 ullum
1160 2387 1211 2462 ju-

113 2471 209 2563 dicem
220 2475 399 2555 ‚deprecatus
413 2488 502 2550 esset,
513 2487 617 2559 'neque
630 2479 723 2538 ullum
737 2476 924 2537 humanitatis
943 2476 1023 2555 apud
1037 2475 1153 2549 jndices
1166 2477 1213 2537 vel

111 2585 233 2643 parvum
251 2568 298 2627 vel
319 2588 458 2647 magnum
480 2570 597 2647 signum
620 2568 758 2628 dedisset.
801 2568 949 2628 Ponarnus
965 2567 1057 2646 igitur
1076 2568 1139 2627 sic:
1159 2587 1210 2629 eos

113 2658 162 2736 qui
176 2678 242 2719 eum
256 2658 479 2729 damnaverunt,
501 2678 560 2719 non
580 2659 735 2719 damnasse
749 2664 914 2738 propterea,
927 2658 1007 2737 quod
1022 2677 1055 2717 ae
1067 2657 1148 2718 ultus
1161 2660 1210 2731 sit,

11 2796 15 2805 .
115 2750 166 2809 aed
179 2750 257 2828 quod
270 2752 416 2823 eomodo,
428 2762 467 2811 ut
478 2751 566 2811 etiam
579 2750 746 2819 occideret;
760 2751 811 2828 qui
824 2750 1120 2822 absolveruntetiam
1133 2750 1211 2810 hane
1244 2814 1249 2824 ‚

113 2842 297 2903 immodicam
312 2844 454 2905 ultionem
473 2842 516 2903 illi
530 2843 614 2923 cujus
629 2861 735 2923 corpus
747 2847 829 2901 esset
846 2841 990 2904 uiolatum
1002 2841 1123 2920 largitas
1134 2860 1210 2903 esse.

116 2934 196 3000 Quid
209 2935 315 3014 igitur?
336 2935 404 2995 mihi
418 2936 468 3015 qui
490 2936 533 2995 ita
547 2936 707 3015 'diligenter
720 2934 795 3006 cavi,
804 2954 841 2993 ue
854 2934 926 3012 quid
946 2934 1063 3011 mnus
1076 2934 1210 2993 commit-

114 3035 235 3096 teretur,
248 3034 282 3085 ιιι
295 3046 351 3086 uec
364 3027 421 3085 vim
435 3027 465 3085 ai
477 3027 645 3106 repulerim,
660 3048 679 3085 a
695 3046 755 3103 qno
768 3025 887 3085 tandem
908 3025 1027 3085 ultiouis
1039 3024 1211 3104 injuriarum

114 3114 269 3200 exigenda
283 3116 368 3193 copia
380 3115 442 3175 fieri
454 3115 561 3187 delecti
603 3116 748 3195 Equidem
759 3136 779 3176 a
789 3116 871 3175 uobis
886 3116 1019 3187 arbitror,
1032 3124 1063 3174 et
1083 3113 1210 3193 legibus.

116 3207 157 3264 Et
169 3207 338 3285 exemplum
351 3207 439 3267 istum
454 3206 542 3267 statui
556 3207 702 3279 omnibns,
715 3206 944 3265 contumeliosos
957 3223 1060 3264 omnes
1073 3214 1105 3263 et
1125 3217 1211 3282 petu-

114 3298 212 3357 lantes
226 3297 369 3357 neminem
383 3297 478 3377 ipsum
494 3296 592 3357 ulcisci
611 3314 664 3375 per
676 3295 865 3367 iracundiam,
879 3294 933 3354 sed
946 3294 1050 3353 advos
1064 3291 1212 3377 adducere

113 3388 233 3463 debere,
247 3389 344 3468 utqui
357 3390 532 3449 confirmetis
542 3398 573 3448 et
585 3386 738 3447 reservetis
751 3387 797 3446 luis
808 3387 859 3465 qui
872 3380 935 3445 laesi
947 3393 1015 3444 sunt
1028 3380 1125 3461 legum
1135 3404 1211 3467 pm.

38 3490 41 3498 '
114 3482 191 3543 sidia
203 3492 306 3543 contra
319 3482 445 3562 injurios
592 3542 596 3551 ,
744 3499 747 3509 ·

139 3562 206 3635 28.
228 3575 325 3635 Credo
339 3568 436 3635 autem
456 3572 600 3655 quosdam
613 3582 743 3633 reanum
762 3570 865 3631 audire
885 3570 972 3645 velle,
990 3572 1121 3653 judices,
1142 3594 1210 3654 quaa

116 3686 215 3729 caussa
232 3656 446 3727 inimicitiarum
465 3666 539 3727 inter
563 3685 619 3726 nos
639 3663 865 3725 intercesserint.
916 3664 1015 3741 Quum
1038 3667 1210 3727 existimetis

115 3758 279 3820 mortalium
294 3760 437 3819 neminem
458 3760 498 3819 ita
519 3758 678 3817 insolenter
701 3766 731 3817 et
748 3756 890 3816 violenter
902 3756 933 3817 iu
945 3757 1039 3817 ullum
1052 3759 1145 3818 civem
1156 3758 1211 3815 de·

114 3849 406 3920 humanarumue
425 3860 528 3910 contra
541 3868 627 3928 quem
642 3848 829 3929 gravissimas
844 3849 949 3908 irarum
961 3870 1068 3910 causas
1079 3837 1209 3908 haberet

115 3944 212 4004 Volo
204 3944 292 4022 igitur
305 3952 336 4003 et
349 3942 387 4003 de
407 3942 464 4003 hoc
484 3940 639 4002 simultatis
658 3940 741 4001 initio
755 3941 872 4013 referre,
886 3953 917 4000 et
926 3958 1163 4013 commemorare
1177 3950 1211 3999 nt
1320 4018 1324 4026 Ι

50 4021 58 4040 '
113 4034 293 4115 intelligatis,
306 4056 370 4095 eum
380 4036 448 4116 jure
461 4046 579 4123 propter
591 4034 666 4095 illud
685 4036 773 4094 etiam
793 4033 978 4113 gravissimas
994 4031 1095 4127 poenas
1115 4031 1208 4092 famae

66 4144 71 4157 ·
115 4130 261 4189 daturum.
302 4128 461 4203 Absolvam
486 4136 597 4189 autem
609 4128 806 4188 narrationem
831 4125 909 4185 hanc
936 4123 1072 4194 breviter,
1087 4120 1209 4183 etiamsi
1253 4173 1256 4177 ,

115 4218 202 4279 altius
222 4231 352 4299 repetere
375 4222 505 4283 videbor.
523 4222 624 4291 Cum
648 4218 807 4279 admodum
832 4215 1080 4284 adolescentulus,
1097 4212 1210 4277 tu'tores

114 4330 195 4371 meos
215 4312 291 4371 male
312 4312 503 4391 administrati
526 4312 582 4371 mei
605 4308 769 4390 patrimonii
793 4323 972 4376 accusarem,
985 4316 1016 4365 et
1033 4306 1121 4364 istum
1134 4308 1211 4367 adeo
1273 4307 1279 4313 ’

114 4424 175 4467 nou
193 4416 321 4485 nossem,
334 4417 367 4465 ut
387 4396 444 4467 'uec
463 4426 501 4466 au
521 4416 608 4464 natus
630 4412 707 4463 esset
727 4400 831 4461 scirem
844 4399 945 4477 (atque
958 4398 1069 4459 aduam
1083 4418 1211 4461 nenuuc
1243 4476 1246 4482 1
