2934 5000
273 295 330 354 190
686 292 742 351 DE
763 291 943 352 CORONA.

269 445 319 504 alii
341 442 392 522 qui
414 446 558 522 corrogeti
580 453 778 504 convenerant
794 443 910 504 dicendi
924 443 993 502 mihi
1006 451 1179 524 potestatem
1192 463 1252 504 non
1266 446 1361 508 lacie-

269 537 350 608 bant‚
370 535 418 594 alii
437 536 623 608 mirabantur,
637 546 668 595 et
679 535 764 596 inane
778 535 885 597 crimen
906 555 942 596 ex
960 536 1071 615 privata
1083 534 1230 596 simultate
1250 537 1364 602 inferre

268 647 316 688 me
334 629 360 688 ei
375 631 523 708 putabant.
564 629 640 698 Qnre
652 639 749 688 entem
763 629 901 700 conditio,
913 627 1115 702 Athenienses,
1137 628 1240 688 harum
1259 649 1363 692 rerum

267 721 365 793 inerit,
375 723 565 799 quamqueoh
575 741 694 781 causam
705 722 763 781 ista
772 731 937 800 comparate
947 732 1014 781 sunt
1026 729 1056 780 et
1070 739 1128 799 qua
1140 720 1249 780 ratione
1258 733 1358 800 gesta,

267 835 345 874 nunc
362 813 500 892 denique,
515 814 651 893 quoniam
662 825 734 872 tunc
752 813 888 892 prohibiti
902 813 984 884 estis,
999 813 1138 891 accipite:
1162 831 1228 872 narn
1243 824 1274 873 et
1286 815 1356 892 pul-

267 928 315 968 cre
328 927 388 966 rem
397 906 588 985 compositam
602 906 747 978 videbitis,
766 904 942 983 multumque
958 905 1037 964 illinc
1059 903 1217 984 adjumenti
1230 906 1356 984 capietis

267 999 305 1062 ad
314 1000 510 1060 communium
517 1019 613 1060 rernm
626 999 833 1079 cognitionem,
846 1007 876 1060 et
888 1009 998 1078 quanta
1005 997 1103 1058 eratin
1117 997 1253 1079 Philippo
1263 1000 1358 1060 soler·

264 1093 316 1164 tia,
325 1091 514 1172 perspicietis.

303 1187 353 1243 48.
375 1183 481 1244 Nullus
495 1194 557 1243 erat
569 1183 638 1244 belli
645 1183 724 1262 quod
737 1183 887 1244 vobiscum
898 1184 1018 1262 gerebat
1030 1180 1096 1242 finis
1107 1191 1159 1242 aut
1171 1182 1266 1242 exitus
1280 1183 1354 1244 Phi-

263 1275 352 1354 lippo,
369 1276 426 1336 nisi
437 1275 593 1336 Thebanos
606 1287 638 1337 et
651 1276 811 1337 Thessalos
833 1277 932 1336 hostes
947 1275 1076 1336 efficeret
1089 1274 1275 1354 reipublicae:
1296 1279 1354 1340 sed

262 1365 413 1430 infeliciter
424 1368 493 1428 licet
501 1380 532 1429 et
541 1368 618 1430 male
627 1389 694 1429 cunr
705 1369 756 1428 illo
769 1369 857 1430 vestri
875 1369 1058 1446 imperatores
1068 1365 1221 1440 bellarent,
1232 1369 1269 1428 ab
1284 1369 1352 1447 ipso

263 1459 341 1520 hello
354 1470 451 1521 nmen
463 1472 494 1520 et
506 1479 525 1522 a
536 1461 721 1540 pradonibus
743 1461 898 1520 innumeris
920 1460 1003 1520 malis
1025 1459 1195 1518 vexabatur.
1247 1459 1353 1538 Neque

263 1553 340 1612 enim
352 1555 558 1633 exportabatur
569 1573 667 1613 eorum
681 1554 836 1631 quicquam
847 1571 913 1630 quse
926 1571 961 1610 er
979 1561 1056 1610 terra
1068 1548 1119 1608 illa
1132 1550 1351 1629 proveniebant,

262 1663 358 1723 neque
374 1665 410 1705 ea
432 1645 537 1723 quihus
557 1647 664 1722 egebat
685 1646 932 1723 importabantur3
949 1643 1093 1722 jamvero
1111 1660 1205 1720 neque
1224 1641 1255 1699 in
1277 1644 1351 1702 mari

262 1744 332 1796 tunc
352 1735 484 1813 superior
499 1736 580 1794 vobis
601 1746 674 1806 erat,
691 1755 786 1812 neque
809 1736 838 1792 in
857 1733 985 1792 Atticam
998 1734 1096 1793 venire
1110 1743 1231 1811 poterat,
1246 1733 1271 1792 si
1293 1754 1349 1794 nec

261 1825 393 1883 'lhessuli
416 1843 483 1883 eum
509 1834 698 1900 sequerentur
726 1843 781 1882 neo
802 1824 935 1881 Thebani
958 1825 1110 1883 transitum
1137 1824 1257 1884 darent:
1290 1843 1347 1884 usu

262 1925 357 1973 autem
377 1915 512 1972 veniebat
529 1915 566 1980 ei,
586 1923 620 1970 ut
639 1933 705 1970 curn
727 1914 805 1972 bello
828 1922 978 1990 superaret
996 1915 1215 1993 qualescunque
1227 1915 1347 1974 tandem

263 2025 313 2066 vos
327 2004 476 2064 mitteretis
497 2002 828 2081 imperatores—‘omitto
852 2005 928 2062 enirn
945 2004 1002 2063 hoc
1023 2005 1227 2086 utique-ipsa
1250 2017 1348 2066 nmen

260 2099 317 2158 loci
329 2116 481 2174 rerumque
500 2115 566 2175 quae
588 2096 719 2174 utrisque
744 2098 938 2175 suppetebant
959 2105 1064 2156 natura
1081 2097 1274 2159 infestaretur.
1316 2101 1347 2160 Si

259 2190 348 2269 igitur
361 2207 478 2248 suarum
490 2206 580 2246 causa
600 2187 873 2248 inimicitiarumvel
890 2188 1038 2248 Thessalis
1051 2190 1097 2250 vel
1115 2190 1261 2252 Thebanis
1279 2212 1347 2254 sua-

260 2284 343 2343 deret
364 2292 397 2341 nt
413 2282 442 2340 in
465 2301 517 2342 vos
537 2280 718 2352 invaderent,
735 2299 835 2340 eorum
859 2281 1002 2340 neminem
1025 2282 1191 2342 auditurum
1203 2285 1347 2362 putabat:

260 2381 306 2440 sin
320 2396 489 2439 communes
510 2397 543 2436 se
558 2376 672 2436 illorum
685 2393 792 2436 causas
807 2376 952 2454 suscipere
967 2377 1105 2436 simulans
1120 2377 1180 2437 dux
1193 2379 1229 2437 ab
1242 2377 1278 2438 iis
1292 2379 1346 2438 eli·

259 2481 385 2553 geretur,
400 2470 512 2531 facilius
535 2471 671 2547 sperabat
688 2486 720 2527 se
735 2467 840 2548 partim
860 2465 1000 2541 fallendo,
1014 2470 1118 2548 partim
1131 2469 1346 2549 persuadendo,

260 2566 331 2643 quod
347 2572 456 2639 opturet
467 2570 699 2622 consecnnrrurn.
740 2559 819 2626 Quid
838 2560 948 2639 igitur?
990 2560 1246 2623 Molitur—videte
1257 2583 1344 2643 quam

258 2655 376 2736 egregie
386 2653 541 2712 t-bellum
563 2650 690 2711 excitare
710 2653 786 2711 inter
799 2653 1028 2733 Amphictyonas
1047 2656 1119 2713 etin
1132 2674 1273 2715 consessu
1285 2655 1345 2735 Py·

260 2748 316 2806 lreo
336 2745 510 2805 tumultum:
531 2744 568 2803 ad
589 2764 639 2804 eas
653 2744 729 2803 enim
751 2764 796 2803 res
820 2746 916 2805 statim
936 2764 988 2805 eos
1011 2746 1192 2807 existimabat
1205 2748 1344 2807 auxilium

258 2857 342 2897 suum
359 2836 579 2896 desideraturos.
621 2836 708 2903 Quod
721 2836 746 2895 si
760 2837 822 2915 quis
835 2856 872 2895 ex
891 2836 924 2897 iis
938 2856 1011 2915 quos
1024 2836 1086 2917 ipse
1105 2838 1232 2899 mitteret
1249 2838 1344 2899 hiero-

256 2928 456 2989 mnemonibns
472 2928 518 2987 rel
538 2949 575 2987 ex
591 2926 683 3006 ipsius
701 2928 847 2989 federatis
863 2928 919 2989 hoc
940 2942 1122 3009 proponeret,
1138 2930 1287 2991 Thebanis
1307 2953 1343 2993 ac

257 3022 475 3081 'l'bessalisrem
488 3021 550 3081 sore
567 3030 732 3100 suspectam
741 3022 873 3100 putabat,
888 3041 1046 3101 omnesque
1055 3022 1109 3083 sibi
1118 3033 1274 3084 cauturos:
1296 3024 1341 3085 sin

257 3114 443 3175 Atheniensis
461 3123 540 3173 esset
561 3124 649 3193 atque
666 3114 777 3173 anobis
799 3114 967 3175 adversariis
989 3114 1051 3175 suis
1071 3115 1216 3194 proiectus
1236 3116 1287 3194 qui
1312 3117 1341 3176 id

256 3217 366 3287 ageret,
379 3206 466 3265 facile
474 3205 548 3266 clam
559 3205 686 3265 futurum
694 3206 846 3275 semidam
865 3208 946 3285 quod
955 3208 997 3269 ita
1006 3208 1112 3269 evenit.
1173 3282 1177 3291 ⁵

295 3302 345 3359 49.
366 3298 501 3367 Quonam
513 3298 600 3377 igitur
608 3297 770 3359 modohsec
784 3299 928 3378 perfecitl
950 3300 1098 3360 Conducit
1110 3297 1233 3361 huncce.
1277 3301 1338 3361 Ne·

254 3391 332 3448 mine
350 3402 446 3450 autem
467 3391 569 3470 opinor
585 3410 645 3449 rem
659 3392 855 3470 prospiciente
869 3402 921 3453 eut
933 3403 1063 3463 cavente,
1078 3392 1161 3452 sicuti
1175 3393 1247 3453 talia
1265 3394 1339 3453 inter

254 3498 306 3538 vos
316 3481 606 3554 tiericonsuevernnt‚
615 3484 779 3543 nominatus
791 3483 846 3544 iste
856 3484 1025 3563 Pylagoras‚
1041 3496 1071 3545 et
1081 3485 1171 3544 tribus
1180 3492 1339 3564 quatuorve

255 3570 489 3648 suffragantibus,
509 3576 688 3635 renuntiatus
713 3584 769 3635 est.
812 3565 971 3654 Postquam
983 3586 1079 3637 eutem
1094 3575 1216 3640 civiteus
1236 3589 1337 3639 aucto·

254 3662 340 3721 ritate
353 3662 478 3722 munitus
492 3665 531 3722 ad
547 3666 774 3747 Amphictyonas
788 3668 926 3745 pervenit,
942 3667 1004 3728 aliis
1022 3671 1109 3729 rebus
1123 3669 1257 3729 omnibus
1273 3671 1339 3731 reli·

253 3757 308 3815 ctis
332 3775 367 3815 ac
390 3754 543 3834 despectis,
565 3778 601 3818 ea
621 3760 766 3837 expedivit
787 3770 903 3841 propter
921 3782 987 3841 quae
1005 3766 1168 3833 conductus
1190 3774 1248 3825 est.
1290 3766 1339 3827 Ac

253 3850 347 3910 verbis
374 3849 467 3928 specie
487 3849 617 3909 honestis
641 3852 814 3931 fabulisque,
835 3866 870 3914 ut
889 3856 1033 3917 Cirrhseus
1056 3877 1125 3937 ager
1146 3867 1336 3919 consecratus

252 3942 525 4020 esset,comparatis
546 3950 633 4018 atque
650 3945 800 4022 expositis,
823 3947 954 4009 homines
978 3950 1123 4030 imperitos
1141 3953 1293 4019 verborum
1308 3962 1339 4012 et

253 4036 323 4113 quid
331 4036 458 4094 t'nturnm
470 4045 547 4095 esset
559 4034 676 4093 minime
690 4036 886 4114 providentes,
894 4041 1154 4117 hieromnemonas,
1167 4044 1290 4104 adduxit
1305 4056 1339 4104 ut

251 4127 397 4205 regionem
418 4126 498 4186 illam
524 4127 688 4186 obeundam
715 4129 914 4205 decernerent,
939 4152 1026 4212 quam
1053 4137 1275 4217 Amphissenses
1300 4148 1337 4196 ut

251 4236 334 4277 suam
346 4239 365 4277 a
378 4240 409 4280 se
418 4219 492 4279 arari
504 4218 650 4290 dicebant,
664 4228 696 4279 at
707 4220 761 4281 iste
781 4222 819 4281 ad
833 4232 936 4283 terram
951 4246 1062 4289 sacram
1075 4230 1216 4307 pertinere
1228 4246 1334 4307 argue·

251 4308 311 4382 bat,
325 4329 392 4370 cum
403 4313 485 4373 Locri
498 4311 609 4373 nnllam
627 4313 712 4372 nohis
725 4313 863 4377 mulctam
876 4315 1058 4398 imponerent
1071 4340 1166 4399 neque
1178 4338 1212 4381 ea
1226 4322 1333 4399 cogitu-

250 4409 311 4459 ναν
331 4420 398 4480 qnss
417 4404 473 4464 iste
492 4406 579 4467 modo
600 4415 738 4467 causatum
762 4420 808 4469 est
830 4430 848 4470 a
867 4411 987 4471 veritate
1007 4412 1109 4473 aliena.
1152 4412 1239 4479 Quod
1264 4412 1332 4471 inde
