2934 5000
238 303 278 364 66
539 297 695 362 ORATIO
720 294 776 358 DE
798 294 1031 359 HALONESO.

237 457 361 518 vissetis.
382 455 471 523 Quod
491 458 515 516 si
528 462 660 518 oratores
673 455 841 518 calumniari
853 463 1018 534 pergerent,
1031 449 1130 531 etipsi
1142 459 1247 510 tamen
1261 451 1333 510 scri-
1348 511 1352 516 ,

237 547 341 610 beraut
349 547 430 628 nihil,
439 567 491 628 per
501 547 581 626 quod
595 558 626 608 et
638 567 696 627 pax
706 548 876 617 firmaretur,
887 555 919 605 et
930 544 1082 623 Philippus
1095 541 1241 602 desineret
1247 541 1333 620 perti-

239 637 296 700 dus
310 638 420 710 haberi,
434 637 597 698 istiusmodi
609 638 776 698 hominibus
789 657 848 698 uon
860 657 924 698 esse
938 635 1174 696 auscultandum.

282 733 312 790 6.
335 729 413 790 Huc
426 749 479 790 ros
493 730 645 790 audientes
660 730 842 810 probabatis,
858 740 890 789 et
903 729 1046 788 dicebatis
1064 727 1230 807 Pythonem
1250 743 1338 802 mque

241 824 449 906 postularant
470 835 553 884 erant
574 843 669 902 sequa.
707 823 889 884 Dicebantur
908 833 1005 882 summ
1026 841 1086 882 non
1106 829 1141 879 ut
1158 839 1195 880 ea
1216 837 1283 898 qum
1295 817 1338 877 illi

243 918 326 978 utilia
338 918 466 1006 fuerunt,
481 929 574 997 etpro
588 917 694 995 quibus
709 935 848 994 magnam
862 915 1019 994 pecuniam
1032 913 1184 991 dilargitus
1200 911 1307 995 iuerat,
1320 931 1339 970 e

242 1009 352 1070 iredere
364 1009 546 1082 tollerentur,
561 1009 612 1068 sed
628 1009 665 1068 ab
680 1007 761 1066 ¹istiu
773 1008 822 1068 hic
839 1007 987 1086 magistris
996 1007 1077 1086 prius
1089 1005 1213 1065 edoctus
1231 1004 1340 1074 iuerat,

111 1091 116 1098 ⁵
142 1131 145 1139 ·
243 1100 293 1178 qui
310 1101 454 1179 putabant
473 1099 536 1160 fore
560 1099 702 1159 nemiuem
717 1097 768 1177 qui
781 1097 956 1158 Philocratis
977 1099 1095 1158 decreto
1108 1115 1161 1176 per
1172 1095 1250 1173 quod
1265 1096 1340 1154 Am·

243 1190 371 1272 phipolis
384 1190 476 1269 periit,
497 1192 677 1250 intercedere
698 1188 828 1250 auderet.
865 1189 932 1268 Ego
952 1208 1032 1257 sero,
1053 1188 1255 1258 Athenienses,
1268 1186 1342 1246 nihil

244 1283 421 1344 contrarium
437 1281 550 1361 legibus
564 1281 690 1342 scribere
705 1301 793 1341 ausus
807 1301 882 1352 sum,
896 1291 927 1342 at
943 1281 1062 1341 decreto
1074 1279 1247 1340 Philocratis
1260 1279 1343 1358 quod

246 1393 315 1434 cum
328 1373 442 1452 legibus
456 1374 616 1452 pugnabat,
629 1373 733 1452 scripsi
747 1373 903 1444 corbaria,
915 1383 947 1432 ut
956 1392 1012 1452 ego
1022 1373 1239 1433 demonstrabo.
1261 1369 1343 1431 Nam

246 1463 421 1524 Philocratis
434 1465 586 1524 decretum
597 1483 657 1543 quo
667 1483 719 1524 vos
732 1463 900 1544 perdidistis
910 1463 1118 1544 Amphipolim,
1132 1463 1275 1543 prioribus
1288 1463 1344 1524 de·

247 1557 334 1618 cretis
343 1556 551 1616 adversabatur
567 1573 619 1635 per
632 1575 699 1635 quae
712 1575 765 1618 vos
778 1555 859 1616 illam
872 1556 1036 1616 obtinuistis
1050 1555 1208 1635 regionem.
1229 1555 1279 1615 Ac
1288 1553 1345 1614 de·

248 1659 362 1712 cretum
377 1649 497 1729 quidem
512 1649 686 1710 Philocratis
700 1659 765 1708 erat
776 1648 891 1727 legibus
904 1649 1090 1723 contrarium,
1106 1668 1201 1728 neque
1213 1648 1276 1707 lieri
1289 1667 1345 1728 po·

248 1753 324 1804 teret
337 1743 406 1802 otis
424 1741 476 1820 qui
492 1741 630 1802 scriberet
642 1741 758 1820 legibus
772 1759 912 1820 congrua,
931 1741 1070 1801 scriberet
1082 1749 1279 1801 consentanea
1291 1740 1346 1799 de·

250 1845 331 1896 creto
339 1834 453 1913 legibus
465 1831 620 1894 contrario.
643 1831 744 1900 Quum
756 1839 854 1891 autem
863 1832 1005 1912 prioribus
1018 1832 1075 1892 illis
1088 1833 1225 1905 decretis,
1238 1851 1307 1910 qum
1315 1842 1347 1892 et

250 1923 381 2004 legitima
405 1934 500 1996 eraut,
524 1934 554 1984 et
579 1933 704 1984 verbam
727 1922 813 1982 robis
836 1925 993 1984 servabant
1011 1923 1161 1996 ditionem,
1188 1925 1347 1984 scriberem

250 2025 457 2100 consentanea,
470 2033 538 2076 cum
551 2013 681 2093 legitima
700 2013 813 2093 scripsi,
833 2026 898 2075 tum
909 2014 1076 2095 Philippum
1096 2015 1226 2093 coargui,
1243 2013 1347 2093 utqui

111 2123 118 2136 ¹
251 2116 283 2170 ct
295 2107 395 2168 lucum
414 2107 495 2176 robis
510 2105 628 2176 faceret,
642 2117 672 2166 et
684 2125 788 2185 pacem
802 2105 895 2166 nollet
910 2106 1068 2179 emendari,
1081 2105 1134 2166 sed
1150 2105 1181 2166 id
1199 2115 1302 2184 ageret
1315 2115 1349 2164 ut
1377 2168 1380 2179 ,

251 2200 413 2262 oratoribus
424 2197 591 2279 reipublice
605 2199 743 2260 studiosis
754 2199 828 2258 tides
839 2199 919 2280 apud
931 2218 984 2260 ros
997 2200 1196 2277 abrogaretur.
1217 2200 1266 2259 Ac
1276 2217 1349 2258 eum

251 2291 370 2372 quidem
383 2291 500 2354 sordetis
520 2291 696 2352 emendandi
710 2290 857 2352 licentiam
875 2309 964 2369 quam
982 2291 1063 2352 robis
1082 2290 1175 2360 dedit,
1190 2309 1270 2350 nunc
1282 2309 1303 2349 a
1316 2309 1350 2350 se

253 2383 353 2449 deam
361 2403 426 2446 esse
440 2402 559 2463 negare,
572 2401 675 2442 omues
685 2382 778 2446 acin's.
798 2381 878 2444 Dicit
886 2400 956 2442 rero
964 2400 1048 2441 suam
1057 2400 1123 2442 esse
1132 2379 1350 2461 Amphipolim

254 2477 361 2559 quippe
371 2495 422 2539 vos
435 2493 500 2537 eam
513 2473 568 2539 sibi
581 2473 748 2545 tradidisse,
761 2492 853 2553 quum
870 2471 1065 2536 decerneretis
1084 2483 1118 2534 ut
1135 2491 1202 2553 qum
1218 2471 1352 2533 habebat

252 2570 384 2631 haberet.
415 2566 504 2645 Atqui
518 2586 570 2627 ros
583 2566 643 2625 tale
656 2565 808 2625 decretum
821 2584 892 2625 saue
904 2566 1025 2636 lecistis,
1037 2574 1070 2626 at
1093 2564 1291 2646 Amphipolim
1304 2566 1352 2645 ip·

253 2657 314 2723 sius
326 2680 392 2721 esse
405 2676 554 2738 nunquam
566 2656 746 2717 decrevistis.
781 2656 895 2717 Haberi
903 2657 979 2717 enim
992 2668 1118 2737 possunt
1130 2659 1219 2717 etiam
1232 2656 1351 2727 alienat

256 2770 311 2811 nec
328 2770 430 2811 omnes
443 2750 495 2829 qui
507 2748 627 2819 habent,
640 2766 694 2808 sua
705 2748 826 2826 habent,
838 2768 929 2828 quum
942 2750 1027 2811 multi
1043 2751 1131 2822 etiam
1146 2750 1241 2812 aliena
1254 2752 1352 2831 possi·

257 2842 358 2903 deaut
386 2841 486 2910 Quare
506 2841 570 2901 istoe
584 2839 660 2901 illius
674 2838 798 2917 argutia
810 2839 916 2920 ineptus
928 2852 1008 2903 sunt.
1043 2844 1090 2903 Ac
1104 2843 1214 2904 decreti
1230 2843 1352 2921 quidem

258 2932 434 2997 Philocratis
446 2930 588 3003 meminit,
602 2929 734 3010 epistolia
752 2939 849 2990 autem
867 2930 943 2991 illius
960 2952 1049 3011 quam
1068 2934 1147 2993 misit
1162 2934 1200 2993 ad
1213 2953 1267 2993 ros
1279 2933 1352 2993 dum

193 3020 198 3032 “
258 3023 406 3085 obsideret
416 3022 625 3103 Amphipolim,
637 3020 821 3093 oblitusest3
839 3020 938 3101 inqua
948 3026 1142 3085 confitebatur
1153 3024 1353 3105 Amphipolim

258 3136 323 3178 esse
336 3123 470 3187 restrum,
484 3123 515 3174 et
532 3114 721 3193 promittebat
733 3132 800 3174 eam
813 3133 847 3177 se
858 3116 940 3177 robis
951 3117 1130 3178 redditurum
1144 3118 1169 3177 si
1182 3136 1354 3197 expugnas·

259 3216 315 3279 set,
326 3215 360 3266 ut
371 3225 439 3285 qum
451 3216 531 3267 esset
544 3216 651 3279 verna,
661 3224 721 3267 nou
735 3224 836 3267 eorum
850 3208 901 3286 qui
914 3218 985 3269 mnc
994 3210 1143 3271 tenebant.
1164 3208 1354 3287 Proindequi

260 3300 340 3379 prius
353 3298 520 3361 incolebant
530 3297 728 3378 Amphipolim
741 3316 830 3378 quam
841 3318 908 3361 earn
920 3299 948 3359 ri
961 3300 1249 3380 caperetPhilippus,
1260 3299 1356 3361 Athe·

259 3390 404 3453 nieusium
416 3392 565 3470 regionem
578 3388 725 3451 habebant
736 3389 865 3453 scilicet:
893 3403 1048 3471 postquam
1059 3410 1130 3453 vero
1148 3392 1272 3453 eandem
1282 3391 1356 3452 Phi-

259 3479 356 3559 lippus
368 3480 455 3559 cepit,
468 3498 527 3541 uon
540 3492 620 3543 tenet
633 3480 781 3560 regionem
794 3481 1025 3556 Atheniensium,
1038 3482 1092 3543 sed
1104 3502 1198 3544 suam.
1232 3482 1296 3544 lmo
1314 3502 1356 3545 ne

263 3570 424 3652 Olynthum
439 3572 566 3651 quidem,
581 3592 641 3633 non
655 3572 850 3652 Apolloniam,
864 3593 924 3635 uon
938 3574 1080 3635 Pallenen
1095 3584 1176 3637 tenet
1186 3586 1222 3635 ut
1232 3575 1357 3651 alienas,

263 3664 378 3725 sedut’
388 3682 465 3724 suas.
483 3664 633 3744 Numquid
641 3665 723 3725 robis
730 3666 845 3741 ridetrrr
853 3676 941 3727 caute
950 3676 982 3727 et
988 3666 1358 3747 circumspecte⁸scribere

264 3756 370 3829 omnia,
381 3766 413 3815 ut
427 3765 566 3835 appareat
578 3767 685 3819 sumet
695 3754 793 3817 dicere
805 3766 930 3837 etsgere
942 3778 1009 3838 quar
1022 3760 1103 3840 apud
1108 3779 1211 3822 omnes
1221 3761 1358 3823 homiues

258 3854 341 3927 Justa
352 3846 505 3931 hahentur,
519 3865 555 3907 ac
570 3865 630 3907 uon
643 3848 740 3926 potius
752 3848 902 3911 homiuum
916 3850 1156 3913 exisfimatiomm
1172 3850 1290 3935 penitus
1301 3853 1357 3913 de·

264 3941 386 4022 spicere,
398 3940 447 4017 qui
469 3938 617 4015 regionem
629 3938 707 3999 illam
720 3956 808 4017 quam
821 3938 918 4001 Greci
936 3952 968 4003 et
988 3960 1039 4003 rex
1050 3942 1206 4003 Persarum
1219 3943 1358 4007 decreve-

263 4044 332 4095 runt
345 4042 376 4093 et
387 4029 515 4093 conlecti
529 4038 600 4089 suut
612 4048 678 4091 esse
698 4037 914 4113 tertrametro
936 4052 1018 4097 suam
1031 4054 1098 4096 esse
1110 4045 1141 4095 et
1156 4054 1215 4095 non
1229 4045 1357 4097 veauam

188 4158 192 4175 ·
265 4121 437 4185 maereret?

305 4220 334 4273 7.
356 4216 506 4281 Quantum
527 4212 565 4273 ad
587 4212 708 4274 alterum
729 4224 819 4295 caput
839 4216 920 4296 quod
944 4219 974 4279 in
993 4236 1066 4299 pace
1087 4218 1304 4293 emendaristis,
1323 4230 1359 4279 ut

301 4344 525 4396 ¹Nostrrtibmistis
534 4343 659 4407 magistris.
675 4344 769 4396 Wotr.
859 4347 914 4397 ⁸Ad
926 4364 968 4399 ros
981 4349 1058 4401 onais
1067 4349 1179 4399 suibus.
1191 4350 1273 4398 lusu.

178 4408 181 4413 '
299 4410 527 4472 ’huproriocisa
538 4410 618 4458 loru.
