2934 5000
254 343 293 402 94
642 334 880 400 Pulnlst’lcs
901 323 958 398 111.

251 493 436 559 consuetudo
454 494 596 555 malorum
616 495 745 556 omnium
762 513 853 554 censs
865 491 929 564 luit,
945 489 1015 552 alibi
1025 511 1096 553 sero
1110 465 1275 573 nasonem:
1292 485 1349 554 sed

124 661 127 666 Ι
252 585 383 658 Eretriae,
397 598 552 666 postquam
566 587 699 666 digre‘sso
709 579 868 646 Plutarcho
882 595 912 644 et
924 585 1085 663 peregrinis
1098 585 1238 644 militibus
1250 605 1348 665 pupu-

251 678 298 738 lus
313 681 412 738 urbem
427 680 546 738 tenebat
559 690 589 738 et
600 679 784 748 Porthmum,
800 677 848 738 alii
862 695 1005 736 summum
1014 695 1114 736 remm
1128 676 1167 735 ed
1180 695 1236 736 nos
1249 686 1349 738 bans-

252 761 395 842 serebant,
409 771 457 830 alii
471 771 509 830 ad
528 770 705 850 Philippum.
747 769 803 828 His
815 769 846 831 in
866 767 1025 847 plerisque,
1045 787 1082 826 ac
1095 769 1193 846 potius
1208 769 1238 828 in
1252 770 1349 829 omni-

204 935 208 942 ι
252 863 309 922 bus
332 864 529 924 auscultantes
552 864 649 922 miseri
670 871 703 921 et
722 861 854 920 infelices
881 859 1061 918 Eretrienses
1082 861 1202 920 tandem
1224 859 1348 920 adducti

251 965 332 1026 ¹siunt,
347 965 382 1016 ut
400 976 453 1017 eos
469 956 608 1036 ejicerent
622 955 671 1034 qui
694 973 747 1033 pro
764 951 868 1030 seipsis
885 950 975 1011 locuti
993 962 1071 1012 sunt.
1117 951 1243 1013 Proinde
1256 954 1349 1014 misso
1393 1014 1399 1026 ,

254 1048 434 1127 Hipponico,
455 1050 551 1108 socius
572 1056 603 1106 et
620 1047 730 1108 amicus
750 1064 851 1104 eorum
871 1043 1030 1123 Philippus,
1045 1055 1077 1104 et
1084 1047 1243 1125 peregrinis
1255 1046 1348 1119 mille,

253 1157 354 1200 muros
368 1139 500 1200 Porthmi
514 1139 601 1199 diruit
615 1149 644 1198 et
659 1148 718 1198 tres
732 1137 869 1216 imposuit
887 1147 1038 1215 tyrannos,
1054 1137 1269 1216 Hipparchum,
1284 1140 1348 1197 Au·

253 1231 462 1305 tomedontem,
471 1231 663 1290 Clitarchum:
678 1239 709 1289 et
715 1239 818 1309 postea
826 1228 873 1287 bis
881 1228 997 1306 regione
1006 1229 1206 1308 expulit,=cum'
1211 1231 1271 1310 jam
1284 1250 1347 1290 ser·

253 1323 314 1388 uari
330 1323 446 1393 vellent,
464 1323 560 1388 nassis
579 1323 703 1402 primum
722 1321 779 1381 illis
799 1340 866 1381 cum
884 1319 1051 1400 Eurylooho
1069 1321 1219 1395 militibus,
1241 1321 1347 1382 deinde

178 1405 180 1416 ’
253 1414 317 1474 eliis
331 1433 399 1474 cum
413 1415 615 1494 Parmenione.
700 1401 703 1411 ’
964 1434 967 1438 ·
1174 1412 1177 1418 ’

297 1507 343 1566 13.
365 1506 403 1565 Et
417 1505 486 1584 quid
505 1507 604 1568 multis
623 1527 696 1588 opus
714 1505 777 1568 estl
798 1508 833 1568 lu
854 1507 933 1567 Oreo
952 1506 1120 1568 Philistides
1137 1526 1255 1586 operam
1275 1506 1347 1566 Phi·

253 1599 334 1678 lippo
347 1599 472 1684 nersbst
491 1609 522 1658 et
539 1599 698 1680 Menippus
715 1610 747 1661 et
763 1601 899 1660 Socrates
913 1611 944 1659 et
963 1599 1062 1658 Thoas
1076 1609 1107 1658 et
1119 1603 1282 1678 Agupoeus,
1296 1599 1346 1678 qui

253 1711 332 1751 nunc
347 1699 448 1750 tenent
460 1692 632 1750 urbem—et
647 1691 711 1754 heec
729 1700 836 1750 norant
852 1711 1003 1763 omnes—,
1012 1691 1101 1751 homo
1118 1701 1216 1752 autem
1228 1691 1346 1769 quidem

254 1783 429 1863 Euphreeus,
444 1783 494 1860 qui
507 1783 664 1861 aliquando
677 1783 725 1843 hic
739 1783 819 1862 apud
832 1803 886 1843 nos
900 1805 930 1842 eo
946 1783 1098 1855 habitavit,
1110 1795 1143 1842 ut
1152 1783 1234 1842 liberi
1247 1793 1348 1842 essent

253 1875 325 1933 ciues
338 1874 382 1932 sui
401 1883 432 1934 et
450 1875 558 1935 nemini
574 1875 724 1935 servirent.
766 1876 796 1935 Is
814 1895 888 1954 quas
899 1877 1076 1953 ceteroquin
1094 1877 1213 1955 injurias
1232 1885 1262 1935 et
1274 1894 1347 1935 con·

252 1966 387 2027 tumelies
396 1968 432 2026 eb
441 1966 549 2046 populo
557 1987 713 2046 perpessus
723 1969 770 2040 sit,
778 1967 1285 2046 longumessetdicere:annoautem
1294 1986 1348 2027 an·

253 2067 408 2138 tecaptam
417 2059 516 2118 urbem
526 2059 696 2137 proditionis
705 2060 863 2120 reumiecit
871 2059 1053 2121 Philistidem
1060 2060 1192 2118 etsoeios
1201 2059 1275 2140 ejus,
1282 2079 1348 2139 per·

253 2163 357 2230 specto
371 2151 441 2230 quid
454 2152 633 2212 molirentur.
675 2152 804 2212 Connixi
823 2161 919 2210 sutem
940 2151 1072 2210 homines
1091 2151 1184 2222 multi,
1198 2163 1230 2211 et
1241 2151 1347 2231 proebi-

253 2253 346 2302 turem
358 2243 499 2304 habentes
514 2241 679 2323 Philippum
698 2244 869 2328 eteonsiliis
882 2243 946 2323 ejus
959 2243 1104 2315 instructi,
1117 2245 1268 2304 abducunt
1283 2244 1345 2304 Eu·

112 2359 115 2368 ’
237 2335 384 2415 'phraeum
398 2336 426 2394 in
440 2355 596 2405 carcerem,
616 2345 649 2395 ut
662 2336 829 2415 reipublicae
845 2338 1085 2415 perturbatorem.
1126 2338 1201 2406 Quoe
1219 2357 1286 2396 cum
1302 2337 1347 2398 vi.

248 2428 339 2490 deret
351 2427 477 2509 populus
493 2427 646 2498 oritanus,
667 2429 744 2488 hunc
756 2428 831 2488 adeo
850 2447 909 2488 non
929 2429 1051 2508 adjuvit,
1066 2427 1189 2508 illosque
1202 2429 1239 2488 in'
1251 2429 1346 2490 cruci·

255 2516 334 2581 alum
347 2522 418 2601 egit,
432 2532 464 2581 ut
475 2541 530 2581 nec
543 2522 587 2581 his
602 2522 781 2595 irasceretur,
793 2531 825 2581 et
836 2520 917 2580 illum
925 2522 1028 2582 merito
1040 2522 1091 2581 illa
1103 2522 1178 2583 ferre
1188 2525 1300 2583 diceret
1305 2524 1347 2583 ei·

254 2633 313 2692 que
327 2613 491 2673 insultaret.
532 2612 681 2692 Deinceps
694 2612 737 2676 illi
752 2612 920 2671 omnimoda
938 2633 1005 2673 cum
1023 2613 1156 2674 libertate
1177 2616 1207 2674 id
1220 2617 1349 2695 egebant

204 2720 208 2725 ’
254 2714 287 2763 ut
302 2705 369 2763 urbs
381 2714 544 2783 caperetur,
556 2714 587 2763 et
594 2722 654 2762 rem
667 2705 831 2773 stmebant3
847 2704 961 2782 quodsi
974 2706 1041 2783 quis
1051 2726 1069 2765 e
1078 2707 1188 2786 populo
1198 2707 1350 2781 sensisset,

253 2796 370 2855 tacebat
382 2807 411 2855 et
425 2804 488 2854 erat
507 2796 657 2867 attonitus,
679 2816 789 2857 memor
809 2798 880 2876 quid
895 2798 1039 2875 Euphreeo
1053 2799 1219 2860 accidisset.
1261 2800 1352 2860 Adeo

254 2887 361 2947 misera
380 2898 477 2947 eutem
499 2898 582 2947 erant
602 2890 780 2961 conditione,
802 2901 837 2949 ut
859 2910 918 2949 non
939 2892 1028 2975 prius·
1038 2893 1160 2952 auderet
1181 2892 1367 2971 quisquam„

183 3002 188 3011 ·
252 2979 305 3039 teli
317 2980 486 3037 imminente
500 2980 587 3051 malo,
600 3000 701 3040 vocem
712 3001 856 3061 rumpere,
866 3001 953 3059 quam
967 2982 1183 3043 instructaucie
1197 2984 1236 3056 ad
1248 3004 1349 3045 muros

252 3071 427 3131 accederent
439 3069 553 3132 hostes:
569 3082 631 3131 tum
645 3073 763 3133 demum
775 3073 805 3131 hi
819 3074 956 3153 oppidum
969 3074 1175 3145 defendebant,
1189 3075 1231 3135 illi
1244 3077 1347 3156 prode·

252 3164 335 3224 bant.
378 3162 460 3234 Urbi,
479 3164 520 3223 ite
538 3176 632 3245 ceptae
646 3165 767 3244 turpiter
783 3164 980 3243 etllugitiose,
994 3166 1042 3225 isti
1055 3168 1243 3227 dominantur
1259 3180 1348 3248 etty·
1381 3206 1391 3211 -

252 3256 403 3315 renuidem
413 3266 560 3330 exercent,
575 3258 620 3329 iis,
635 3257 685 3336 qui
700 3268 759 3317 tum
776 3267 807 3318 et
819 3258 991 3337 semetipsos
1011 3272 1042 3319 et
1055 3247 1232 3339 Euphrssum
1246 3261 1347 3321 defen-

253 3348 363 3409 debant
371 3358 402 3407 et
411 3348 525 3427 quidvis
540 3350 688 3429 suscipere
699 3350 790 3429 parati
803 3359 896 3423 erant,
909 3350 1013 3428 partim
1027 3352 1139 3431 ejectis,
1152 3354 1256 3430 partim
1269 3354 1346 3413 occi·

253 3440 308 3500 sis:
350 3440 512 3521 Euphraeus
525 3452 628 3502 autem
648 3442 697 3503 ille
718 3443 905 3525 semetipsum
920 3444 1076 3521 jugulavit,
1095 3446 1191 3524 reipsa
1211 3453 1347 3520 testatus,

253 3553 285 3595 se
293 3532 360 3612 jure
374 3543 404 3593 et
418 3534 527 3611 integre
541 3553 594 3613 pro
608 3535 717 3595 civibus
731 3536 872 3596 restitisse
883 3534 1029 3615 Philippo.

296 3630 342 3687 14.
365 3624 513 3694 Quidnam
530 3628 619 3703 igitur
630 3648 729 3689 ceusae
743 3628 792 3700 sit,
805 3628 946 3687 miramini
959 3629 1094 3700 fortusse,
1107 3650 1161 3690 cur
1173 3640 1204 3691 et
1215 3630 1347 3711 Olynthii

252 3730 283 3779 et
295 3718 474 3778 Eretrienses
489 3728 518 3776 et
536 3719 628 3779 Oritoe
642 3720 733 3799 magis
748 3720 875 3798 Philippi
894 3720 1096 3781 defensoribus
1109 3723 1243 3795 faverint,
1256 3742 1345 3801 quam

252 3812 331 3874 suis?
353 3810 465 3870 Eadem
480 3830 580 3883 cause,
597 3833 663 3890 quoe
677 3824 709 3873 et
725 3811 805 3891 epud
818 3831 883 3891 vos,
903 3813 983 3890 quod
999 3815 1020 3873 ii
1033 3816 1083 3893 qui
1100 3816 1212 3895 reipub.
1226 3813 1346 3874 consul·

251 3915 315 3965 tum
329 3902 441 3973 volunt,
455 3922 491 3961 ue
505 3903 623 3982 quidem
637 3906 661 3963 si
677 3905 807 3982 cupiant,
824 3905 981 3983 quicquam
992 3906 1031 3965 ad
1044 3908 1167 3985 gratiam
1180 3907 1277 3967 dicere
1291 3906 1344 3967 uli-
1444 3902 1447 3907 ‘

214 4060 217 4067 ,
250 3998 371 4077 quaudo
383 4006 521 4075 possunt:
543 4016 611 4055 nam
622 4016 669 4055 res
680 3996 751 4074 ipsoe
761 4006 795 4055 ut
806 3995 968 4056 incolumes
979 3998 1046 4069 sint,
1059 3999 1270 4076 providendum
1284 4008 1345 4058 ests

249 4090 302 4161 illi,
316 4090 361 4149 his
371 4088 441 4167 ipsis
452 4108 518 4167 quae
531 4088 560 4148 in
574 4087 699 4168 Philippi
714 4087 898 4147 commodum
909 4102 1010 4167 agunt,
1025 4091 1146 4169 gratim
1161 4092 1273 4149 ineunt.
1301 4092 1344 4148 Hi

250 4182 390 4241 tributum
405 4181 536 4242 conferre
545 4181 700 4260 jubebant,
712 4180 754 4241 illi
767 4180 839 4240 nihil
852 4200 927 4260 opus
942 4200 1006 4241 csse
1021 4183 1173 4242 dicebant:
1195 4183 1344 4241 libellum

252 4262 412 4354 gerendum
425 4296 489 4335 esse
504 4287 533 4335 et
548 4274 751 4345 diffidendum,
763 4273 806 4331 illi
818 4292 920 4354 pacem
935 4275 1098 4352 agendam,
1109 4275 1205 4335 donec
1224 4276 1348 4334 circum·

250 4366 330 4425 venti
349 4376 426 4425 suut.
468 4366 586 4426 Caetere
608 4366 712 4426 eodem
730 4365 830 4437 modo,
849 4366 982 4437 arbitror,
1000 4366 1106 4438 omnia,
1125 4377 1159 4426 ut
1175 4386 1214 4425 ne
1231 4368 1348 4445 singula

250 4476 432 4521 recenseam:
461 4458 516 4530 illi,
535 4460 641 4539 quibus
663 4458 693 4519 in
715 4459 873 4539 presentia
894 4460 1134 4538 gratificarentur,
1155 4478 1191 4520 ea
1211 4461 1349 4529 dicebaut
