2934 5000
427 319 652 400 snvsusus
674 264 910 384 inmunes
1149 321 1209 381 ssu

110 473 246 551 cognitas
259 481 453 551 etperceptas
475 473 602 546 habent;
622 473 674 534 sed
697 485 730 536 ut
748 475 819 554 jura
841 472 985 553 simplicia
1005 483 1036 532 et
1053 473 1209 554 perspicus

109 560 210 640 legere
225 572 256 621 et
278 563 438 641 intelligere
463 564 551 626 liceat
572 566 719 626 omuibus.
760 566 939 632 Quinetiam
953 575 1024 625 ante
1036 565 1110 636 hec,
1119 565 1209 644 jussit

107 663 179 712 ante
189 655 308 713 Statuas
320 655 489 729 Heroum,a
503 657 608 736 quibus
617 658 833 736 cognominatoe
846 658 940 717 tribus
952 669 1030 730 suut,
1039 677 1208 738 proponere,

105 753 139 802 et
153 744 256 803 scribes
265 745 392 814 trudere,
405 747 454 822 qut
474 765 539 805 eam
560 748 591 806 in
609 749 798 822 concionibus
820 749 940 828 legeret,
951 759 990 808 ut
1006 749 1208 828 unusquisque

106 844 239 896 vestrum
251 849 331 912 ‘sepe
345 835 456 904 andita,
470 845 500 894 et
509 851 561 913 per
571 838 661 896 ndum
675 841 874 912 considerate,
886 859 923 900 ea
934 861 1000 919 quse
1017 842 1210 921 justaesscnt

103 939 137 984 et
158 927 241 986 utilis
261 926 323 986 suis
338 925 483 1004 suffragiis
498 930 710 1006 comprobaret.
752 931 895 999 Quamvis
916 933 1006 1010 igitur
1028 943 1072 992 tot
1084 931 1154 1011 jure
1175 932 1208 992 in

103 1029 245 1096 promptu
258 1019 327 1088 sint,
343 1018 480 1096 Leptines
497 1027 596 1078 tamen
620 1020 689 1078 nihii
711 1022 814 1080 horum
839 1022 926 1090 secit;
947 1043 1003 1084 nec
1025 1025 1102 1084 enim
1125 1025 1207 1086 uobis

102 1129 242 1189 unqusnn·
248 1126 419 1189 persuasum
429 1121 519 1181 esset,
530 1111 687 1190 opinor,ut
699 1115 796 1191 legens
805 1113 1045 1188 haucjuberet'u:
1059 1106 1115 1178 nos
1125 1135 1205 1191 sero,

103 1203 314 1273 Athenienses,
327 1201 437 1274 omnis,
451 1200 604 1280 legemque
618 1204 688 1264 item
702 1204 905 1266 subutnimus
924 1207 1018 1266 multo
1034 1207 1120 1266 istius
1139 1207 1228 1288 lepe.

101 1293 351 1371 prestantiorem,
374 1301 406 1352 et
431 1291 598 1370 nquiorem.
652 1295 687 1354 ld
714 1294 794 1372 quod
827 1294 930 1354 audita
951 1316 983 1354 re
1007 1299 1206 1375 cognoscetis.

104 1385 194 1459 Cape
208 1392 239 1441 et
252 1382 344 1442 recita
356 1383 480 1458 primum
494 1401 561 1460 ques
575 1383 604 1442 in
619 1383 703 1444 istius
713 1384 780 1463 lege
787 1383 999 1458 coenavimus,
1008 1386 1126 1459 deinde,
1139 1407 1206 1466 quse

104 1473 226 1532 illorum
239 1473 305 1534 loco
318 1471 506 1552 ponidobere
516 1473 682 1537 asserimus.
723 1475 839 1536 Recita.

294 1723 299 1732 .
426 1631 902 1774 Accussuonnsnuffls

104 1830 183 1890 Huc
197 1837 268 1890 suut
280 1847 348 1907 que
369 1828 401 1888 in
412 1829 480 1891 *iste
492 1828 559 1908 lege
570 1831 754 1904 damnemus,
767 1841 906 1908 tunquam
921 1848 981 1890 uon
995 1827 1208 1912 conuenientia.

105 1923 216 1983 Recito
227 1922 316 1982 etism
329 1941 367 1982 eu
385 1939 452 1998 que
476 1931 729 2002 sequuntur„qusc
742 1923 806 1982 istis
823 1921 940 2001 potiora
959 1920 1093 1984 dicimus.
1134 1921 1208 1982 Ani·

105 2013 293 2086 nsudvertite,
302 2013 323 2072 J
326 2012 436 2084 udices,
449 2012 519 2072 uum
533 2014 596 2074 haec
609 2015 758 2092 lequuntur,
772 2014 938 2094 diligepter.
979 2011 1094 2076 Recito.
1115 2062 1121 2073 .

481 2211 560 2270 LEX
581 2211 845 2270 SUBROGATA.

108 2364 231 2434 Desine,
274 2365 340 2426 Hoc
362 2366 512 2444 igiturest
532 2363 561 2420 in
575 2363 699 2442 receptis
713 2363 840 2442 legibus,
854 2363 1061 2437 Athenienses,
1074 2364 1208 2443 pulcrum

105 2468 138 2517 et
164 2457 360 2535 perspicuum,
384 2439 427 2521 ut
460 2457 558 2517 dona
589 2475 668 2533 que
700 2455 873 2535 Populus
904 2454 1100 2518 concessit
1127 2465 1209 2520 ratu

108 2550 213 2609 sinte
220 2550 334 2628 justum
349 2550 405 2609 hoc
429 2559 475 2609 est
498 2548 626 2619 omnino,
650 2548 763 2608 medius
786 2548 892 2608 fidius!
933 2547 1093 2607 Decuisset
1112 2546 1210 2625 igitur,

109 2642 258 2721 leptinem
274 2644 425 2722 nonprius
443 2660 527 2703 sunm
541 2642 614 2701 ferre
629 2640 736 2721 legem,
751 2661 840 2720 quam
855 2652 982 2701 veterem
996 2642 1073 2701 hanc
1087 2660 1209 2701 accusa-

107 2734 372 2813 tamubrogasset:
394 2753 472 2793 nuuc
488 2752 557 2793 vero
581 2752 649 2791 cum
668 2751 745 2804 eam,
764 2752 821 2792 ceu
833 2732 1031 2793 testimonium
1046 2741 1149 2793 contra
1163 2752 1210 2793 ss·
1284 2723 1291 2739 ’

107 2824 269 2903 metipsum.
277 2824 425 2903 reliquerit
437 2825 534 2903 legum
549 2844 569 2883 a
581 2822 811 2895 sevviolatsrum,
822 2822 1007 2887 nihilominus
1017 2823 1208 2902 istamlegem

107 2917 194 2987 tulit;
215 2917 313 2995 idque,
334 2932 400 2975 curn
430 2916 557 2977 siislex
580 2916 696 2995 jubeat,
719 2928 751 2977 et
779 2916 824 2974 ob
853 2915 920 2973 hoc
956 2915 1207 2975 accusationi

106 3008 310 3069 obnoxiam
338 3028 432 3081 esse,
459 3009 494 3068 »si
524 3008 715 3069 veteribus
741 3005 916 3085 tegibus
956 3006 1207 3073 adversetur.

110 3099 193 3177 Cape
207 3098 300 3176 ipsam
313 3098 419 3176 legem.
1113 3091 1117 3099 ’

612 3296 703 3356 Lux.
771 3355 775 3363 .

113 3450 300 3513 Contrarium
318 3450 474 3529 igiturest,
489 3448 696 3523 Athenienses,
712 3461 792 3509 rata
810 3467 894 3509 esse
915 3445 1018 3505 dona
1038 3465 1120 3524 ques
1141 3444 1206 3505 Ρο-

109 3542 226 3625 pulus
247 3540 411 3613 dederit,
432 3540 617 3601 neminem
648 3558 779 3600 corum
806 3540 1005 3599 immunem
1025 3556 1109 3611 esse
1129 3536 1208 3617 qui·

8 3670 12 3675 -
108 3636 176 3695 bus
211 3632 374 3712 Populus
408 3633 449 3693 id
478 3631 653 3693 dederit?
687 3630 835 3692 evidenter
861 3630 970 3710 utique.
1013 3626 1210 3707 Nequaquam

108 3744 179 3787 vero
193 3726 224 3785 in
236 3724 293 3801 hac
305 3722 372 3801 lege
386 3742 453 3802 quse
462 3723 526 3801 jam
538 3721 733 3793 substituitur,
747 3721 825 3781 idern
849 3721 1005 3781 usuvenit:
1030 3721 1157 3779 sedtum
1173 3738 1209 3777 ea

111 3837 178 3897 quse
191 3834 244 3874 vos
259 3815 392 3888 dedistis,
406 3825 562 3886 istasunt,
577 3824 639 3873 tum
659 3814 742 3891 justa
759 3813 790 3873 in
804 3833 856 3873 eos
870 3812 945 3875 actio
961 3812 1143 3891 relinquitur,
1157 3810 1209 3886 qui
1230 3839 1234 3843 Δ

81 3928 84 3935 ’
110 3910 159 3969 sel
172 3908 275 3975 fraude
289 3908 399 3987 aliquid
413 3908 615 3986 impetrarunt,
630 3904 676 3965 vei
692 3906 830 3985 deinceps
844 3907 950 3980 injuste
958 3914 1060 3983 agunt,
1071 3900 1117 3961 vel
1130 3917 1210 3977 pror·
1338 3929 1342 3936 ·

116 4022 166 4066 sus
186 4001 299 4081 indigni
323 4011 403 4075 sunt,
419 4019 477 4081 quc
489 4000 609 4063 actione
630 3998 794 4078 cuicunque
807 3998 890 4060 vobis
904 3997 999 4060 visum
1019 3993 1082 4065 erit,
1102 3990 1212 4049 donum

116 4093 253 4175 eripietis.
297 4092 403 4155 Recita
418 4090 527 4173 degam.
