2934 5000
368 295 688 362 Dulturunstcn
709 299 974 360 ORDlNA'NDd.
1161 303 1220 362 145

127 471 225 532 neque
233 451 426 526 sciscitemini,
437 453 508 534 quid
521 473 617 515 rerum
629 455 737 516 istevel
749 456 824 517 elius
834 467 927 535 geret.
968 457 1016 514 Ac
1029 455 1067 518 de
1077 455 1217 518 reditibus

129 545 246 623 quidem
259 545 393 618 deiude,
407 556 440 606 et
462 547 507 606 bis
528 566 596 625 qnoe
617 547 737 628 insuper
757 569 795 608 ex
811 548 923 627 privstp
942 547 1049 608 insstrs
1071 549 1218 609 nuncius·
1294 555 1297 560 '

105 713 115 730 ⁹
128 638 265 716 penditis,
286 640 489 718 sociorumque
507 639 710 718 vectigalibus,
729 655 966 718 unumquemque
981 650 1108 700 restrum
1120 641 1151 700 id
1165 661 1216 702 ee-
1267 693 1270 700 .

127 730 224 808 cipere
236 731 341 790 decere
361 730 430 790 dico
449 732 530 810 quod
550 749 671 810 requum
691 741 756 792 est:
777 741 864 792 oetete
877 731 1015 792 florentes
1027 731 1150 792 militare
1163 734 1216 792 sti·

126 821 274 901 pendium,
286 823 433 882 emeritos
455 823 609 902 pecnmsm
630 825 668 883 ob
688 824 853 884 exercende
873 823 985 899 judicie
1011 843 1063 884 seu
1086 843 1146 904 quo
1158 824 1218 885 ulie

126 915 212 975 tinulo
235 933 295 974 rem
318 915 449 994 insigniri
470 915 576 992 plncet.
619 915 748 996 Sedipsi
762 916 920 976 militabitis
934 935 1029 994 neque
1046 933 1217 978 eomundus

124 1007 261 1085 cuiquem
274 1005 396 1078 cedetis,
410 1025 469 1084 qno
481 1005 649 1085 reipublice
661 1008 741 1068 uires
752 1007 921 1066 domesticae
936 1005 994 1066 sint
1013 1015 1044 1066 et
1067 1027 1084 1068 c
1104 1007 1221 1072 civibus

124 1097 286 1170 instincte,
298 1107 397 1160 utnec
410 1117 483 1178 opes
491 1096 577 1157 vobis
590 1098 690 1157 desint
699 1107 731 1157 et
744 1117 796 1158 ros
809 1098 904 1158 officio
916 1097 1098 1177 longaminis
1119 1109 1150 1160 et
1156 1099 1222 1162 ιιιιω
1250 1095 1253 1100 ’

123 1185 241 1269 peretot
252 1188 390 1250 exercitui
403 1190 514 1269 pressit,
529 1200 560 1250 et
572 1209 642 1260 non,
658 1190 865 1262 Athenienses,
879 1189 982 1250 eedem
996 1210 1061 1269 quoe
1073 1190 1217 1254 hactenus

124 1281 321 1354 ssusenient,
337 1291 372 1340 ut
383 1281 473 1345 duces
492 1282 526 1339 in
539 1281 662 1361 judiciis
672 1281 799 1344 seretis:
821 1290 851 1340 et
864 1279 912 1340 bic
927 1280 1044 1342 tnndem
1059 1282 1096 1342 sit
1107 1282 1221 1360 negotii

122 1375 214 1434 totins
227 1373 335 1446 exitus,
348 1374 409 1446 lete
421 1372 506 1432 istius
517 1372 596 1432 filins
607 1373 699 1432 istum
714 1372 880 1432 accusarit:
903 1381 1102 1451 prestereeque
1114 1373 1196 1436 nihl.
1213 1416 1218 1425 ·

132 1502 137 1512 ι
165 1467 196 1522 3.
217 1464 276 1523 Sed
289 1464 360 1544 quid
370 1463 455 1523 robis
464 1464 564 1526 studio
574 1463 681 1524 bebere
688 1462 824 1523 debetis?
852 1462 893 1522 Ut
906 1462 977 1527 socii
990 1481 1050 1524 non
1063 1463 1216 1542 presidio·

123 1574 189 1616 rum
199 1564 290 1627 metu,
307 1556 361 1616 sed
374 1555 637 1616 communicatione
644 1556 801 1616 utilitatum
814 1555 892 1614 inter
900 1573 955 1614 nos
967 1565 998 1614 et
1014 1555 1105 1634 ipsos,
1118 1553 1219 1615 nobis-

123 1667 201 1721 cum,
217 1651 276 1710 sint
295 1649 455 1729 conjuncti.
472 1693 475 1698 .
491 1649 614 1710 Deinde
628 1668 668 1708 ne
684 1649 777 1709 duces
790 1647 952 1728 peregrinis
964 1647 1105 1708 militibus
1119 1647 1215 1715 socios
1291 1647 1293 1654 ’

120 1748 229 1804 teuent
240 1763 276 1803 ec
288 1743 503 1823 depraedentur,
518 1743 618 1802 hostes
631 1761 670 1802 ne
686 1743 806 1802 videant
818 1729 938 1820 quidem
951 1761 960 1809 ς
982 1759 1111 1819 querum.
1118 1761 1215 1802 rerum

123 1837 319 1898 emolumenta
334 1837 456 1896 istorum
469 1836 587 1914 propris
598 1834 761 1903 sunt,'odia
775 1844 806 1892 et
825 1831 981 1892 meledicta
992 1832 1024 1890 in
1039 1842 1133 1892 tutem
1144 1833 1217 1894 ciri·
1258 1817 1268 1840 ⁸

121 1939 213 1990 tutem
233 1928 418 1989 redundent:
439 1927 493 1987 sed
509 1937 545 1986 nt
566 1927 646 1986 cives
666 1925 796 1986 bebeent
811 1943 934 2002 quorum
947 1941 1038 2003 opere
1050 1923 1164 1996 bootes,
1177 1943 1216 1984 eo
1325 1917 1327 1922 ’

122 2021 284 2097 modoque
297 2037 377 2078 nunc
391 2020 486 2076 socios
507 2028 539 2076 et
560 2017 844 2092 emicomffligunt..
877 2014 1023 2076 Preteree
1044 2017 1145 2076 multae
1167 2035 1216 2076 res

121 2121 249 2172 restrum
268 2108 453 2188 presentium
475 2107 661 2166 desiderunt:
682 2116 712 2164 et
738 2115 930 2184 proeterqusm
951 2107 1033 2185 quod
1053 2107 1216 2173 domestice

121 2204 201 2265 bellu
212 2200 380 2262 domesticis
395 2199 488 2279 copiis
499 2199 560 2276 geri
580 2197 734 2264 conducit3
756 2197 833 2256 idern
845 2198 884 2256 ed
896 2197 954 2256 elie
967 2215 1083 2276 quoque
1095 2200 1216 2278 negotis

120 2306 168 2356 est
190 2293 397 2354 necessarium.
439 2290 517 2349 Nem
537 2291 562 2350 si
584 2288 716 2349 contenti
738 2289 841 2348 essetis
859 2288 930 2359 otio,
952 2291 1046 2347 securi
1068 2289 1242 2374 quomodo·

122 2409 188 2451 cum
200 2387 313 2448 Grecis
327 2394 471 2464 urgeretur,
485 2383 542 2443 elie
561 2390 641 2442 esset
663 2399 700 2440 en
721 2379 805 2440 ratio.
846 2377 1140 2458 Nuncprincipetum
1155 2398 1217 2440 css·

122 2483 250 2563 terisque
261 2477 378 2540 dicendi
395 2476 469 2558 juris
492 2483 669 2555 potestatem
681 2471 765 2532 robis
775 2469 931 2555 errngetis,
942 2469 1101 2531 exercitum
1114 2478 1216 2533 nutem

121 2578 173 2657 qui
182 2577 248 2634 brec
261 2582 292 2633 et
303 2571 439 2651 inspiciet
450 2578 482 2629 et
493 2578 609 2627 tuentur
619 2583 715 2644 neque
728 2572 864 2643 pereum
877 2561 991 2623 hebetis
1003 2580 1098 2643 neque
1111 2580 1215 2644 perere

32 2723 42 2737 ,
122 2666 263 2728 studetis:
284 2664 337 2724 sed
357 2662 441 2722 vobis
465 2660 559 2719 otiose
576 2656 778 2717 desidentibus
799 2665 830 2713 et
853 2654 1087 2723 dormitantibus,
1110 2673 1211 2733 respu-

121 2759 197 2819 blice
217 2757 450 2837 Mityleneorum
472 2751 634 2811 libertatem
659 2748 773 2813 umisitr
794 2763 889 2823 neque
909 2746 1005 2806 minus
1029 2745 1212 2833 Rhodiorum

122 2863 251 2911 nostrum
264 2849 381 2909 nemine
393 2844 574 2927 probibente,
586 2839 711 2901 etnobis
722 2837 841 2917 quidem
855 2836 981 2907 inimice,
997 2836 1078 2899 dicet
1090 2836 1211 2915 eliquisl

121 2944 176 3005 sed
197 2943 264 3002 odie
277 2940 388 3019 majore
404 2956 471 2998 esse
491 2936 610 3006 debent,
623 2930 827 3007 Athenienses,
848 2929 879 2989 in
900 2928 1072 3007 dignentur
1092 2938 1210 3008 propter

120 3036 245 3096 institui
254 3034 349 3093 nostri
364 3028 643 3097 dissimilitudinem,
656 3044 745 3104 quern
760 3032 864 3085 contre
877 3022 986 3083 liberos
998 3022 1129 3102 populos
1139 3037 1209 3103 pro-

120 3138 188 3207 pter
199 3142 386 3203 quascunque
398 3140 514 3181 cnums.
775 3166 779 3178 ,
840 3166 842 3171 .

161 3224 193 3277 4.
215 3218 285 3287 Sed,
297 3224 332 3273 ut
344 3233 380 3273 eo
394 3214 510 3273 redeam
522 3212 603 3270 unde
615 3210 764 3287 digressus
778 3207 976 3280 sum,.edirrnn
988 3206 1095 3267 debere
1106 3222 1160 3265 roe
1178 3207 1210 3267 in

1 3280 4 3287 Ι
59 3284 65 3293 ’
117 3311 249 3374 ordinem
262 3305 387 3367 describi
409 3314 498 3381 etque
510 3300 643 3361 ordinem
653 3300 779 3359 eundem
802 3318 868 3359 esse
890 3308 951 3357 tum
973 3295 1133 3375 obripiendi
1146 3306 1210 3365 tum

118 3401 244 3466 iemendi
253 3420 291 3461 ee
302 3417 371 3479 quer
380 3396 476 3458 decet.
517 3392 607 3453 Hisce
616 3392 654 3451 de
663 3393 749 3451 rebus
762 3389 842 3471 prius
857 3388 942 3449 etiem
956 3386 1036 3467 epud
1048 3406 1103 3447 ros
1114 3388 1212 3449 disse«

118 3498 162 3557 rol
180 3506 211 3556 et
230 3489 386 3573 explicavi,
404 3486 524 3567 quinem
543 3484 619 3543 ordo
639 3483 714 3542 inter
737 3500 800 3553 vos,
821 3480 873 3558 qui
893 3496 1010 3558 grutem
1029 3490 1208 3545 mmetursm

122 3589 219 3670 geritis
238 3585 333 3664 etqui
345 3580 461 3663 equites
471 3579 554 3649 estis,
573 3576 667 3655 etqui
687 3576 791 3635 borum
804 3590 924 3633 numero
937 3591 996 3632 non
1009 3571 1207 3649 continemini,

122 3691 202 3744 esset
213 3677 371 3747 ineundus,
387 3684 418 3734 et
439 3670 520 3735 unde
545 3666 737 3729 communiter
756 3682 858 3727 omnes
881 3662 1040 3725 liberdliter
1052 3666 1210 3729 sustentari

120 3774 244 3861 possint.
284 3767 375 3835 Quod
385 3782 455 3825 vero
474 3780 574 3823 meum
586 3760 713 3820 animum
732 3756 858 3817 maxime
871 3755 999 3817 omnium
1013 3757 1149 3837 turbavit,
1162 3756 1209 3818 di-

120 3862 282 3931 esmvobie
288 3856 563 3928 necdissimulebos
581 3870 661 3919 num,
673 3868 765 3929 quum
783 3848 918 3910 multeet
935 3848 1075 3927 preclara
1092 3857 1125 3907 et
1145 3864 1210 3909 mes

119 3977 178 4037 gne
190 3966 292 4016 esseut
301 3972 338 4012 es
349 3949 458 4021 omnin,
471 3947 581 4007 nullius
594 3964 612 4003 e
624 3943 738 4004 ceteris
746 3942 899 4020 quisquam
913 3940 1062 4013 msssipitr
1083 3939 1208 4005 duorum

120 4048 270 4110 obolorum
288 4062 399 4106 omnes.
441 4038 609 4120 Atquifleri
622 4054 680 4095 non
692 4044 801 4113 potest,
819 4032 911 4100 utisti
924 4030 1040 4106 coquus
1054 4028 1135 4107 pretii
1143 4028 1207 4093 sint

120 4161 208 4222 quem
219 4142 343 4201 duorum
356 4137 516 4207 obolorum,
535 4140 645 4193 cetere
658 4148 737 4200 vern,
748 4146 815 4205 quse
827 4144 894 4185 cum
912 4122 957 4183 bis
971 4140 1037 4199 qum
1048 4119 1120 4191 diui,
1131 4138 1209 4198 cun.

116 4235 306 4314 jnnctssunt,
316 4231 393 4309 regis
402 4228 555 4287 Persarum
562 4242 637 4303 opes
644 4229 774 4300 sequent,
786 4228 822 4285 ut
832 4218 913 4284 urbs,
924 4232 992 4291 quse
1004 4218 1049 4271 tot
1061 4214 1151 4290 probe
1159 4215 1208 4280 in.

120 4337 248 4388 structos
256 4325 369 4409 pedites
381 4334 413 4381 et
423 4322 592 4382 triremeset
604 4314 716 4393 equites
722 4322 754 4371 et
761 4306 893 4390 pecunie
903 4303 1012 4363 reditus
1022 4300 1122 4377 hebet,
1130 4307 1209 4373 ordi.

121 4428 191 4479 nete
200 4430 230 4478 et
239 4418 381 4477 instructa
393 4412 440 4472 sit.
462 4410 542 4477 Quid
556 4406 654 4484 igitur,
667 4403 778 4480 inquiet
790 4396 905 4475 aliquis,
917 4394 1067 4459 been-nunc
1079 4413 1209 4463 comme-

657 4512 679 4552 u
