2934 5000
178 330 183 341 ι
240 248 296 307 su
595 240 768 304 corinna
789 240 966 301 rimisa.-
1052 276 1057 283 .

239 397 331 470 mom,
344 416 431 479 quem
449 397 639 479 spertissime.
648 406 767 459 comtat
786 397 817 455 io
829 396 891 455 rite
902 404 988 455 tanta
999 394 1136 474 superb'n
1153 404 1187 454 st
1207 395 1365 455 omnium
1450 384 1454 394 ’

239 488 390 565 hominum
397 490 622 570 despectuosse
636 488 786 565 refertum,
797 488 931 547 utetiam
942 484 996 558 illi,
1006 504 1075 546 cum
1085 486 1194 565 quibus
1205 486 1366 546 nbinihil

239 582 413 662 estnegotii,
427 591 508 642 orem
523 582 729 643 confidentiam
743 590 776 639 et
786 598 900 650 vocem,
913 589 946 639 et
957 579 1125 651 tumultum,
1137 587 1169 637 et
1179 578 1362 649 minimos,

240 686 275 735 st
287 676 475 754 opulentiam,
488 688 519 735 et
532 676 670 736 ferociam
684 676 748 734 sine
765 673 867 733 dolore
881 680 1017 752 spectare
1035 689 1096 731 non
1108 672 1234 751 possint,
1254 672 1287 730 in
1299 674 1362 749 ju·

243 768 319 827 dicio
333 768 561 831 misericordiam
579 767 678 827 stetim
698 762 910 843 consequeris?
932 763 1077 846 Magnqrn
1095 760 1218 841 quidem
1234 763 1362 841 princi·

239 860 412 942 patum,ch
422 860 521 939 potius
533 870 626 921 artem
640 859 794 929 inveneris,
814 858 840 916 si
851 857 926 934 duas
938 876 985 915 res
997 856 1075 915 inter
1086 875 1121 915 se
1133 856 1260 913 maxime
1273 874 1361 914 con·

241 952 346 1033 trarias
364 963 424 1011 tum
437 952 686 1032 p'aulomomento
699 950 752 1009 tibi
774 948 831 1029 ipsi
852 948 1034 1009 circumdate
1057 967 1179 1026 posses:
1202 947 1358 1006 invidiam

224 1064 283 1124 ,ex
301 1045 369 1105 vitoe
390 1044 554 1110 insolentia.
570 1042 798 1103 misericordiam
815 1060 854 1099 ex
867 1041 1039 1119 impostura.
1061 1038 1154 1099 Nulla
1166 1040 1220 1098 tini
1233 1039 1358 1099 ntione

244 1136 331 1205 tribui
341 1145 440 1214 potest
453 1133 658 1207 misericordia,
670 1132 809 1212 quicquid
818 1134 995 1223 intueamur,
1008 1133 1062 1191 sed
1070 1144 1184 1203 contra,
1191 1133 1306 1201 odium,
1320 1144 1356 1193 et

122 1300 126 1307 Ἢ
244 1227 365 1297 invidia,
380 1236 410 1286 et
423 1224 583 1285 iracundia.
618 1224 693 1283 Hoec
708 1222 784 1283 enim
798 1224 927 1283 mereris.
959 1223 1356 1304 Sedillucrsdeo‚adejus

245 1318 467 1379 accusationem
481 1314 593 1395 populi,
603 1324 633 1375 ct
646 1314 807 1375 concionis.
828 1314 918 1383 Quod
932 1314 982 1373 ubi
994 1314 1093 1384 faciet,
1104 1315 1234 1394 cogitate
1247 1318 1355 1377 vobis·

245 1394 327 1481 dum,
352 1408 476 1488 jndices,
494 1408 592 1483 =istum
618 1406 731 1485 equites
752 1405 965 1482 commilitones
985 1425 1066 1479 suos,
1093 1426 1161 1466 cum
1182 1407 1355 1487 Olynthum

248 1504 382 1577 ivissent,
396 1500 435 1561 ad
447 1519 502 1561 vos
512 1501 546 1559 'in
559 1500 729 1560 concionem
748 1517 943 1578 progressum,
956 1518 1125 1559 accusasse.
1146 1499 1234 1560 Nunc
1247 1522 1354 1563 rursus

250 1594 331 1675 apud
344 1592 459 1671 'eosqui
472 1591 690 1663 sornmilitant,
708 1590 865 1674 oemione
878 1601 1059 1671 exspectata,
1073 1592 1213 1671 populum
1227 1614 1355 1656 accusa·

248 1698 359 1747 turum.
392 1684 496 1759 Utrum
516 1684 605 1763 igitur
616 1704 668 1759 vos
682 1684 745 1742 sive
757 1684 935 1760 manseritis,
949 1684 1011 1745 sive
1021 1683 1182 1755 exivenns,
1196 1685 1353 1766 talesper-

218 1788 220 1795 ‘
250 1777 344 1838 hiberi
363 1794 425 1843 non
442 1774 624 1846 recusabitis,
642 1774 745 1852 quales
765 1775 873 1835 Midias
892 1775 984 1847 facit,
999 1796 1038 1835 en
1058 1787 1162 1836 oontm
1177 1776 1354 1856 potioriste

252 1887 366 1947 semper
386 1876 418 1926 et
438 1865 546 1942 ubique
564 1865 622 1925 diis
635 1864 745 1923 invisus
765 1866 821 1926 erit
841 1877 881 1943 et·
895 1868 1117 1953 exsecrandus?
1148 1869 1216 1947 Epo
1230 1872 1351 1949 quidem

252 1959 354 2038 opinor
380 1959 467 2017 istum
495 1956 600 2016 telem:
622 1975 690 2015 nom
717 1976 807 2033 quem
830 1976 890 2016 non
911 1958 1034 2034 equites,
1053 1978 1114 2018 non
1134 1959 1269 2040 collega,
1291 1980 1352 2023 non
1452 2007 1454 2020 .

252 2050 338 2110 amici
351 2049 426 2109 serre
439 2056 575 2127 possunt,
590 2046 663 2125 quid
676 2046 715 2105 de
727 2064 764 2106 co
777 2046 936 2108 dicendum
950 2050 1017 2108 esti

294 2144 343 2202 55.
364 2142 469 2227 Jovem
479 2148 582 2209 testor,
592 2138 815 2217 etApollinem,
823 2152 911 2220 atque
931 2141 1261 2214 Minervam—dicetur
1273 2151 1352 2210 onim

247 2222 523 2313 fsive·prolnturum,
542 2232 603 2293 sire
617 2230 783 2291 nociturum
796 2230 884 2303 sit-,
898 2252 966 2314 cum
981 2234 1036 2293 iste
1049 2255 1083 2294 se
1095 2236 1277 2317 transegisse
1290 2262 1352 2301 me-

254 2347 322 2389 curn
345 2324 534 2393 fabularetur,
550 2326 710 2403 appetebat
723 2326 877 2403 quosdam,
891 2329 942 2406 qui
958 2327 1068 2388 blande
1088 2331 1207 2390 omnino
1228 2352 1297 2393 cum
1315 2356 1353 2394 eo

255 2419 354 2480 solent
369 2418 506 2497 colloqui,
529 2418 653 2477 moleste
676 2418 760 2478 ferre.
803 2419 897 2499 quue
921 2421 1035 2481 medius
1058 2424 1145 2483 fidius
1168 2426 1212 2485 eis
1234 2429 1352 2490 minime

255 2513 325 2588 nitio
338 2509 521 2573 vertendum.
564 2511 628 2570 Nec
640 2510 816 2586 ,enimlerri
829 2522 937 2592 ¹potest
956 2513 1055 2586 homo,
1069 2516 1123 2575 sed
1137 2527 1168 2576 et
1179 2519 1259 2579 solus
1269 2522 1353 2583 dives
1452 2512 1453 2579 l

256 2614 313 2672 est,
327 2614 358 2663 et
375 2604 517 2682 eloquens
528 2603 620 2673 solus,
633 2613 665 2662 et
678 2619 780 2664 omnes
798 2604 825 2664 ei
844 2617 915 2665 sunt
932 2607 1104 2686 quisquiliis,
1116 2619 1148 2669 et
1165 2615 1303 2688 mendici,
1317 2636 1353 2676 sc

256 2717 294 2756 nc
304 2695 437 2756 homines
451 2693 578 2772 quidem.
604 2693 679 2754 Eum
693 2694 792 2772 igitur,
801 2699 853 2774 qui
866 2707 949 2757 tanto
963 2699 1038 2770 fastu
1052 2710 1160 2780 turget,
1169 2705 1196 2763 si
1207 2725 1288 2767 nunc
1301 2710 1353 2768 ab·

257 2785 398 2865 solvatur,
413 2785 484 2863 quid
495 2785 640 2876 lqcturnm
654 2785 786 2864 putatisl
811 2787 848 2846 ld
860 2801 1016 2870 quopaoto
1030 2811 1211 2871 cognoscere
1223 2799 1353 2877 poesim,

144 2961 147 2968 1
193 2908 196 2919 -
258 2894 316 2953 ego
327 2875 442 2942 dicem
464 2875 520 2934 sio
536 2875 638 2956 signis,
652 2895 719 2954 qum
738 2889 843 2938 wcuta
863 2891 934 2940 sunt
951 2884 1053 2961 populi
1069 2887 1352 2963 praejudicinmrem

258 2965 419 3026 aestimetis.
460 2963 533 3032 Quis
547 2966 623 3025 enim
647 2973 702 3039 cst,
726 2970 787 3047 qui,
808 2972 979 3051 praejudicio
998 2975 1166 3052 demontus,
1179 2982 1355 3044 violatilesti

258 3057 427 3138 praesertim,
445 3055 558 3116 etiarnsi
571 3057 684 3118 nullum
697 3059 778 3120 eliud
790 3064 950 3142 periculum
964 3077 1017 3126 aut
1029 3067 1185 3132 discrimen
1208 3069 1353 3148 subesset,
1452 3098 1453 3105 ¹

159 3179 166 3188 ·
220 3199 227 3218 ,
259 3169 319 3210 non
333 3151 370 3209 ob
391 3148 621 3228 idipsumdorni
645 3169 676 3212 se
700 3154 894 3228 abstruderct,
915 3159 1354 3243 modestumqueprsebsretad

255 3241 365 3318 judicii.
373 3239 489 3313 saltem,
500 3241 604 3302 sinon
617 3242 648 3300 in
661 3261 758 3315 omne,
771 3247 905 3326 tempori
926 3248 1023 3313 Nemo
1036 3262 1092 3322 est,
1107 3255 1179 3332 quin
1190 3255 1223 3315 id
1236 3259 1354 3321 moeret.

260 3335 435 3404 Aliterrero
448 3330 578 3394 Midias:
600 3353 668 3394 nam
690 3335 760 3396 inde
778 3338 817 3396 ab
840 3358 876 3398 so
898 3340 1356 3424 disconcionstur,conriciatur‚

260 3425 399 3486 clamitat.
436 3425 570 3504 ,Legitur
589 3427 777 3509 magistratus
804 3429 929 3510 sliquisl
977 3433 1086 3497 Midias
1109 3439 1308 3520 Anagymsius
1325 3446 1355 3506 in
1452 3462 1453 3467 ’

260 3535 396 3594 eampum
410 3515 569 3576 descendit.
591 3519 743 3590 Plutarchi
754 3534 974 3602 procuratorem
987 3529 1059 3606 agit.
1089 3529 1162 3610 Ejus
1176 3545 1291 3596 secreta
1301 3557 1354 3598 no·

246 3607 312 3676 ‚rit
333 3606 425 3666 ,Urbs
436 3625 503 3666 eum
514 3627 575 3668 non
588 3611 676 3689 cepit.
719 3613 760 3674 Et
775 3614 839 3675 hoeo
853 3616 952 3677 omnia
963 3618 1044 3690 iacit,
1058 3639 1119 3680 non
1135 3622 1167 3682 in
1189 3625 1273 3686 alind
1288 3647 1355 3708 pro·
1367 3671 1371 3678 ·

180 3733 186 3742 ·
260 3701 350 3768 lecto,
365 3696 615 3765 nisiutostendat
635 3704 767 3782 populi
787 3706 864 3767 sibi
892 3711 1158 3789 prejudicium
1175 3717 1280 3778 nibil
1299 3741 1355 3781 no-

208 3793 211 3814 '
262 3790 399 3862 coisse,
432 3805 554 3867 neque
585 3802 750 3857 metuere
778 3808 842 3875 eut
866 3800 1081 3865 formidare
1109 3827 1150 3867 se
1180 3788 1353 3873 futurum

220 3881 225 3897 ¹
259 3881 460 3963 judicium.
482 3881 541 3948 Qui
551 3880 647 3960 igitur,
660 3885 868 3966 Athenienses,
877 3911 932 3954 vos
942 3895 1155 3973 pertimescere,
1167 3912 1251 3982 turpe
1261 3915 1353 3983 putat,

255 3995 315 4040 ,vos
337 3993 406 4034 vero
426 3972 498 4033 nihil
520 3973 637 4045 lacere„
650 3978 844 4056 preclarum:
865 4003 924 4043 non
950 3985 1030 4047 hunc
1053 3989 1151 4050 decies
1172 3993 1354 4056 interiectum

263 4061 438 4148 oportebat?
460 4067 547 4150 Certe
561 4068 679 4146 quidem
696 4089 764 4130 moa
781 4077 936 4136 sententia.
957 4079 1109 4141 Necenim
1129 4105 1183 4145 vos
1198 4087 1354 4163 haeum

263 4159 692 4240 quoddssestetuatlnputut.
715 4161 818 4236 Dives,
827 4170 990 4245 conlidens,
999 4172 1132 4248 inflatus,
1140 4179 1354 4258 magniloquus,

263 4251 418 4404 piolentqs,
426 4251 650 4318 inreroeundus.
671 4253 732 4315 Ubi
746 4261 1020 4341 comprehendetis,
1033 4264 1059 4325 si
1072 4278 1233 4330 nunctum
1244 4271 1354 4334 nihter-

276 4354 388 4419 ugent.
1197 4391 1200 4394 ·
