2934 5000
476 223 744 308 chlusturnon
766 227 797 289 ll
814 226 896 307 (ΙΙΙ).
1198 226 1239 287 36

144 375 770 460 mantuus-nummatam
788 388 820 440 et
840 378 1240 460 mmsgiputmmt

21 481 23 542 J
144 471 623 554 maneum-inportunam
641 471 1239 552 honoremsutmsg'ntrabrmautbeneli·
1317 533 1323 547 ,

144 560 222 622 ciusn
232 561 351 642 aliquod
362 565 512 626 consecuti
522 573 638 627 essent:
649 584 729 626 nunc
736 575 841 626 conus
849 582 952 625 omnes
965 561 1132 644 reipublioe
1144 561 1239 622 facul·

144 661 221 714 tstes
234 674 325 735 penes
339 665 409 716 sunt
419 657 616 738 msgbtratua
624 655 911 737 eorumquearbitsio
922 665 1062 736 geruntur
1070 652 1240 724 omnirwcs

143 747 280 826 poprrlns,
299 750 428 810 enervati
446 769 482 810 ac
498 751 624 830 pecunia
634 759 666 812 et
676 742 1243 829 &accinctumaccensum

144 838 240 898 ricem
254 837 406 914 obtinetis,
416 843 543 902 contenti
561 841 588 904 si
603 841 762 904 theatrales
778 841 918 922 pecunius
926 840 1009 902 robis
1017 834 1243 919 impertinens

145 939 199 990 eut
209 931 422 993 riscerstiones
433 933 508 996 torte
518 935 657 1009 miserint,
677 943 708 995 et
720 933 802 1014 quod
814 933 944 995 omniurn
953 929 1241 1014 mjeeusrincnsae,

22 1039 43 1084 ’.
145 1031 263 1102 propter
275 1041 312 1084 ee
322 1042 390 1103 qun
400 1035 498 1086 vestm
511 1036 580 1087 sunt
593 1026 716 1106 gratiam
729 1026 817 1088 edam
825 1024 953 1086 habetis.
993 1019 1243 1094 Quirerorosin

144 1111 222 1208 benc
236 1115 339 1174 urbem
353 1124 482 1194 tuaquom
500 1137 638 1178 carcerem
650 1117 804 1193 inclusere,
816 1117 855 1177 sd
866 1115 939 1176 taba
949 1133 1004 1175 ros
1017 1113 1148 1174 alliciunt
1160 1120 1192 1172 et
1202 1110 1246 1170 ei·

100 1215 101 1218 ’
145 1215 249 1266 curent
268 1215 367 1267 utros
382 1207 421 1267 ad
433 1217 538 1268 nutum
550 1218 668 1288 parntes
679 1207 817 1267 habeant
857 1207 935 1266 Fieri
953 1223 1034 1280 vero,
1046 1223 1113 1264 mea
1124 1200 1243 1282 quidem

145 1295 304 1370 semmua,
313 1315 498 1377 nequaquem
510 1307 618 1377 potest,
631 1308 666 1358 ut
675 1315 815 1376 mugnum
827 1295 938 1375 eliquid
950 1313 1160 1374 generosum
1172 1311 1243 1352 sen·
1307 1338 1311 1346 r

145 1387 257 1448 tiantii
276 1386 325 1466 qui
339 1389 435 1468 parvis
450 1408 485 1450 ac
499 1387 604 1451 vilibus
622 1389 709 1450 rebus
727 1396 921 1469 occupantur:
942 1405 1012 1447 num
1031 1385 1246 1467 qualiacunque
1278 1423 1286 1435 .

145 1475 300 1537 hominum
311 1481 408 1540 studia
415 1480 540 1553 luerint,
550 1481 656 1541 talibus
669 1500 721 1540 eos
735 1490 767 1541 et
778 1479 883 1541 mimis
895 1499 960 1552 esse
972 1477 1111 1558 prusditos
1124 1493 1247 1537 necem

147 1578 206 1630 cst.
248 1569 323 1631 Hrec
343 1571 456 1632 medius
480 1572 566 1633 lidius
579 1571 658 1632 houd
673 1572 808 1643 mirabor,
829 1572 854 1632 si
871 1571 942 1631 mibi
963 1571 1014 1650 qui
1035 1568 1159 1629 dixerim
1177 1567 1246 1648 plus

147 1661 228 1741 apud
248 1681 301 1722 ros
319 1663 483 1735 nocuerint,
506 1682 593 1742 quern
610 1662 681 1742 ipsis
703 1663 807 1723 harum
826 1682 924 1722 rerum
941 1661 1127 1722 auctoribus:
1146 1676 1245 1737 neque

148 1753 225 1812 euim
238 1772 352 1834 semper
361 1752 440 1833 apud
453 1773 506 1816 ros
515 1754 649 1816 omnibus
659 1754 696 1815 de
706 1755 794 1816 rebus
803 1754 893 1816 libere
902 1753 983 1834 loqui
992 1752 1073 1825 licet,
1085 1750 1173 1831 idque
1188 1768 1246 1828 ego
1260 1759 1268 1767 '

149 1845 198 1905 rel
210 1865 288 1906 nunc
301 1845 420 1906 licuisse
433 1845 526 1907 miror.

193 1937 240 1996 10.
261 1936 350 2003 Quod
373 1937 399 1996 si
420 1957 500 1996 nunc
532 1937 637 1997 saltem
658 1935 787 1998 moribus
809 1937 874 1998 istis
894 1934 1003 1996 relictis
1020 1933 1144 1994 militare
1162 1942 1194 1994 et
1213 1940 1248 1992 ut

147 2035 249 2087 vestre
261 2025 388 2104 dignitas
401 2027 532 2104 postulat
544 2045 605 2086 rem
619 2047 717 2106 gerere
729 2027 889 2102 volueritis,
914 2036 1001 2106 etque
1020 2026 1125 2086 burum
1144 2025 1245 2086 dome·

151 2117 290 2178 sticarum
306 2135 396 2197 opum
420 2115 613 2176 redundantia
632 2117 715 2178 velut
732 2117 926 2178 instrumento
942 2117 1063 2178 utemini
1076 2116 1115 2176 ad
1128 2124 1250 2175 externa

149 2209 231 2268 bone
242 2207 431 2284 mmpurondo,
451 2206 592 2280 fortassis,
609 2207 815 2280 Athenienses,
824 2208 956 2266 fortassis
963 2208 1123 2288 perfectum
1131 2206 1248 2285 aliquod

154 2308 186 2361 et
198 2319 339 2378 magnum
354 2298 464 2359 bonum
486 2297 710 2377 consequemini,
731 2298 840 2374 talibus
855 2297 970 2358 lucellis
991 2297 1157 2377 repudietis,
1181 2316 1248 2378 quse

156 2411 225 2452 cum
239 2391 311 2450 cibis
325 2409 399 2470 quos
413 2390 486 2450 dent
504 2391 621 2470 egrotis
644 2389 751 2450 medici
776 2388 901 2450 conferri
916 2399 1050 2468 pmsum.
1089 2387 1249 2448 Etenimut

154 2483 197 2544 illi
208 2503 305 2563 neque
318 2483 396 2545 rircs
410 2481 534 2545 afferunt
547 2502 641 2563 neque
652 2483 743 2543 emori
754 2481 915 2561 patinnmr,
933 2483 973 2543 ric
986 2492 1018 2543 et
1027 2482 1094 2557 iste,
1110 2502 1176 2563 quse
1196 2499 1251 2542 ros

154 2595 233 2637 nunc
245 2574 404 2655 percipitis,
415 2593 511 2654 neque
523 2584 606 2634 tenta
619 2582 690 2634 sunt
701 2582 737 2633 ut
749 2574 820 2633 setis
832 2592 968 2652 magnam
979 2593 1078 2634 mcum
1091 2572 1251 2633 commodi-

154 2678 246 2730 utem
269 2666 396 2741 mebant,
416 2686 513 2747 neque
525 2685 579 2727 uos
591 2665 626 2725 iis
641 2665 789 2744 despectis
803 2666 842 2726 ad
862 2665 920 2726 clia
941 2664 1071 2727 conuerti
1092 2666 1251 2745 peduntur,

156 2758 210 2821 sed
223 2758 362 2819 elimenta
374 2767 447 2819 sunt
457 2767 587 2819 restrum
599 2758 726 2818 omnium
745 2756 897 2817 socordius.
936 2757 1020 2818 Tune
1033 2777 1105 2836 ergo
1118 2757 1251 2817 mercede

155 2850 339 2911 militandum
358 2850 482 2911 censeri
503 2850 616 2929 inquiet
636 2846 748 2928 uliquis.
790 2847 883 2908 Suae:
903 2858 936 2911 et
953 2850 1107 2930 evestigio
1127 2848 1251 2909 eundern

109 2956 112 2967 ·
156 2962 221 3005 esse
243 2942 453 3002 ordinationem
475 2942 615 3013 omnium,
637 2939 840 3013 Athenienses,
862 2950 896 2999 nt
917 2941 1114 3001 emolumenta
1133 2940 1253 3019 publica

155 3034 280 3115 quisque
293 3032 447 3112 accipiens,
461 3032 655 3111 quodcunque
673 3032 782 3092 civitati
802 3051 876 3113 opus
896 3031 995 3106 fuerit,
1022 3032 1061 3092 ad
1086 3031 1117 3091 id
1140 3032 1180 3092 sit
1197 3052 1251 3111 pa-

156 3136 247 3187 ratus.
299 3126 386 3185 Licet
413 3144 500 3204 agere
529 3122 645 3185 otiuml
697 3122 789 3183 Domi
812 3133 1006 3187 commoratus
1032 3122 1144 3183 meliori
1161 3124 1253 3182 uteris

157 3216 338 3289 conditione,
367 3216 549 3276 necessitatis
580 3234 685 3295 expers
714 3224 799 3295 turpe
828 3214 948 3294 aliquod
975 3215 1014 3274 ob
1038 3214 1165 3294 inopium
1200 3214 1253 3275 ad·

158 3308 304 3369 mittendi.
353 3307 462 3367 Incidit
484 3306 652 3385 hujusmodi
672 3306 831 3387 quippiam,
855 3306 944 3384 qnsle
962 3306 1062 3367 nunc'l
1101 3307 1157 3368 His
1183 3307 1253 3388 ipsis

157 3397 362 3461 emolumentis
382 3400 537 3469 conductus,
551 3407 586 3457 ut
604 3416 720 3475 equum
733 3406 780 3459 est
790 3418 844 3477 pro
854 3394 959 3478 punis,
971 3398 1117 3461 militabis.
1158 3400 1252 3461 Estne

157 3502 287 3552 restrum
301 3490 404 3569 uliquis
426 3498 508 3550 extre
520 3498 638 3549 aetutem
653 3490 821 3563 militares?¹
859 3492 935 3558 Qum
954 3490 1072 3553 isnunc
1082 3502 1165 3553 extro
1177 3492 1255 3553 ordi·

136 3634 140 3645 ,
157 3606 227 3646 nem
239 3584 326 3664 capit,
340 3581 411 3643 nihil
424 3581 631 3661 rempublicam
644 3580 798 3660 adjuvans,
815 3599 852 3643 ee
863 3580 894 3640 in
906 3582 1041 3661 equasti
1054 3584 1155 3646 ordine
1177 3582 1254 3644 ecci·

157 3676 231 3757 piat,
245 3674 344 3737 omnia
353 3674 507 3753 inspiciens
520 3683 552 3732 et
564 3672 770 3733 administrans
783 3692 848 3752 quse
862 3683 932 3734 sunt
942 3674 1069 3753 agenda.

201 3770 250 3828 11.
270 3765 319 3826 Ad
340 3784 492 3839 summum,
511 3784 605 3844 neque
627 3763 783 3825 detrahens
803 3764 958 3844 quicquam
987 3785 1084 3845 neque
1114 3764 1254 3846 adjiciens

157 3872 380 3943 preterpsuca
391 3858 560 3921 confusione
573 3858 699 3932 sublate,
713 3858 921 3940 rempublicam
941 3860 971 3918 in
992 3859 1122 3920 ordinem
1144 3856 1254 3936 redegi,

158 3956 262 4016 eodem
274 3952 446 4033 accipiendi,
460 3951 612 4024 militandi,
627 3950 789 4029 judicandi,
803 3961 834 4012 et
845 3952 877 4011 id
889 3950 997 4030 agendi
1013 3948 1092 4029 quod
1106 3966 1159 4027 pro
1169 3958 1257 4010 (etate

159 4048 283 4127 quisque
303 4054 402 4126 potest
423 4044 560 4124 quodque
573 4052 689 4122 tempus
710 4042 851 4122 postulet,
874 4042 975 4103 ordine
997 4042 1137 4102 instimto.
1177 4040 1258 4103 Nus·

161 4156 251 4220 quam
264 4156 320 4217 ego
333 4136 404 4209 dixi,
417 4136 488 4197 nihil
500 4136 653 4217 agentibus
671 4155 707 4195 ea
724 4154 791 4195 esso
817 4133 1017 4196 distribuenda
1029 4152 1097 4215 quse
1109 4132 1257 4215 fungenti*

161 4232 218 4292 bus
237 4228 333 4292 officio
354 4230 506 4302 debentur,
527 4246 625 4307 neque
642 4228 721 4308 ipsos
743 4226 876 4289 desidere
889 4225 1158 4309 omniqueconsilio
1169 4226 1260 4289 desti·
